,date,symbol,fillingDate,acceptedDate,period,revenue,costOfRevenue,grossProfit,grossProfitRatio,researchAndDevelopmentExpenses,generalAndAdministrativeExpenses,sellingAndMarketingExpenses,otherExpenses,operatingExpenses,costAndExpenses,interestExpense,depreciationAndAmortization,ebitda,ebitdaratio,operatingIncome,operatingIncomeRatio,totalOtherIncomeExpensesNet,incomeBeforeTax,incomeBeforeTaxRatio,incomeTaxExpense,netIncome,netIncomeRatio,eps,epsdiluted,weightedAverageShsOut,weightedAverageShsOutDil,link,finalLink
0,2020-09-30,ALRS.ME,2020-09-30,2020-09-30,Q3,48572000000,22316000000,26256000000,0.5405583463723956,0.0,4200000000,585000000,0.0,3277000000,28336000000,2874000000,0.0,15946000000,0.3282961376924977,20236000000,0.19737708968129786,0.0,9587000000,0.19737708968129786,2007000000,7394000000,0.1522276208515194,1.04,1.04,7208905830,7208905830,http://www.cbr.ru/eng/search/?text=ALRS&category=Any&time=Any&dateFrom=&dateTo=,http://www.cbr.ru/eng/search/?text=ALRS&category=Any&time=Any&dateFrom=&dateTo=
0,2020-06-30,ALRS.ME,2020-06-30,2020-06-30,Q2,9004000000,8688000000,316000000,0.03509551310528654,0.0,976000000,245000000,0.0,3290000000,14706000000,2400000000,0.0,8568000000,0.9515770768547313,-5702000000,0.03809418036428254,0.0,343000000,0.03809418036428254,80000000,191000000,0.021212794313638383,0.03,0.03,7208905830,7208905830,http://www.cbr.ru/eng/search/?text=ALRS&category=Any&time=Any&dateFrom=&dateTo=,http://www.cbr.ru/eng/search/?text=ALRS&category=Any&time=Any&dateFrom=&dateTo=
0,2020-03-31,ALRS.ME,2020-03-31,2020-03-31,Q1,61937000000,32712000000,29225000000,0.4718504286613817,0.0,3618000000,735000000,0.0,3046000000,38248000000,1876000000,0.0,12949000000,0.20906727804058964,23689000000,0.07714290327268031,0.0,4778000000,0.07714290327268031,1720000000,2888000000,0.0466280252514652,0.4,0.4,7208905830,7208905830,http://www.cbr.ru/eng/search/?text=ALRS&category=Any&time=Any&dateFrom=&dateTo=,http://www.cbr.ru/eng/search/?text=ALRS&category=Any&time=Any&dateFrom=&dateTo=
0,2019-12-31,ALRS.ME,2019-12-31,2019-12-31,Q4,62942000000,32811000000,30131000000,0.4787105589272664,0.0,2361000000,348000000,2025000000,5748000000,39711000000,1743000000,0.0,33539000000,0.5328556448794128,23231000000,0.26486288964443455,0.0,16671000000,0.26486288964443455,5008000000,11529000000,0.18316863143846715,1.599271827358577,1.599271827358577,7208905830,7208905830,http://www.cbr.ru/eng/search/?text=ALRS&category=Any&time=Any&dateFrom=&dateTo=,http://www.cbr.ru/eng/search/?text=ALRS&category=Any&time=Any&dateFrom=&dateTo=
0,2019-09-30,ALRS.ME,2019-09-30,2019-09-30,Q3,44468000000,24162000000,20306000000,0.4566429792210129,0.0,1592000000,250000000,271000000,3200000000,27435000000,1611000000,0.0,23405000000,0.5263335432220922,17033000000,0.3678375461005667,0.0,16357000000,0.3678375461005667,2801000000,13403000000,0.30140775389043806,1.86,1.86,7208905830,7208905830,http://www.cbr.ru/eng/search/?text=ALRS&category=Any&time=Any&dateFrom=&dateTo=,http://www.cbr.ru/eng/search/?text=ALRS&category=Any&time=Any&dateFrom=&dateTo=
0,2019-06-30,ALRS.ME,2019-06-30,2019-06-30,Q2,55905000000,30630000000,25275000000,0.45210625167695195,0.0,1553000000,286000000,342000000,3525000000,36672000000,3598000000,0.0,27203000000,0.48659332796708704,19233000000,0.32025757982291386,0.0,17904000000,0.32025757982291386,4458000000,13221000000,0.2364904749127985,1.83,1.83,7208905830,7208905830,http://www.cbr.ru/eng/search/?text=ALRS&category=Any&time=Any&dateFrom=&dateTo=,http://www.cbr.ru/eng/search/?text=ALRS&category=Any&time=Any&dateFrom=&dateTo=
0,2019-03-31,ALRS.ME,2019-03-31,2019-03-31,Q1,69541000000,40358000000,29183000000,0.41965171625372083,0.0,3097000000,631000000,406000000,2758000000,44854000000,1935000000,0.0,37649000000,0.5413928473849959,24687000000,0.43893530435282785,0.0,30524000000,0.43893530435282785,6459000000,23873000000,0.3432938841834314,3.31,3.31,7208905830,7208905830,http://www.cbr.ru/eng/search/?text=ALRS&category=Any&time=Any&dateFrom=&dateTo=,http://www.cbr.ru/eng/search/?text=ALRS&category=Any&time=Any&dateFrom=&dateTo=
0,2018-12-31,ALRS.ME,2018-12-31,2018-12-31,Q4,59677000000,29193000000,30484000000,0.5108165624947635,0.0,3180000000,1893000000,876000000,5568000000,37801000000,2370000000,0.0,25410000000,0.4257921812423547,21876000000,0.16725036446202055,0.0,9981000000,0.16725036446202055,2068000000,6971000000,0.11681217219364244,0.966998344046894,0.966998344046894,7208905830,7208905830,http://www.cbr.ru/eng/search/?text=ALRS&category=Any&time=Any&dateFrom=&dateTo=,http://www.cbr.ru/eng/search/?text=ALRS&category=Any&time=Any&dateFrom=&dateTo=
0,2018-09-30,ALRS.ME,2018-09-30,2018-09-30,Q3,68580000000,28262000000,40318000000,0.5878973461650627,0.0,1681000000,241000000,486000000,3567000000,33787000000,1486000000,0.0,38438000000,0.5604841061533975,34793000000,0.4487459900845728,0.0,30775000000,0.4487459900845728,6546000000,24942000000,0.3636920384951881,3.45,3.45,7220845504,7220845504,http://www.cbr.ru/eng/search/?text=ALRS&category=Any&time=Any&dateFrom=&dateTo=,http://www.cbr.ru/eng/search/?text=ALRS&category=Any&time=Any&dateFrom=&dateTo=
0,2018-06-30,ALRS.ME,2018-06-30,2018-06-30,Q2,70719000000,30260000000,40459000000,0.5721093341251997,0.0,1267000000,319000000,389000000,3549000000,35570000000,1321000000,0.0,39371000000,0.5567245011948698,35149000000,0.4520708720428739,0.0,31970000000,0.4520708720428739,6592000000,24775000000,0.3503301800082015,3.41,3.41,7259762973,7259762973,http://www.cbr.ru/eng/search/?text=ALRS&category=Any&time=Any&dateFrom=&dateTo=,http://www.cbr.ru/eng/search/?text=ALRS&category=Any&time=Any&dateFrom=&dateTo=
0,2018-03-31,ALRS.ME,2018-03-31,2018-03-31,Q1,94894000000,47823000000,47071000000,0.4960376841528442,0.0,3227000000,750000000,0.0,3146000000,52863000000,1554000000,0.0,49893000000,0.5257761291546357,42031000000,0.4445275781398192,0.0,42183000000,0.4445275781398192,9002000000,32826000000,0.34592281914557294,4.47,4.47,7340711663,7340711663,http://www.cbr.ru/eng/search/?text=ALRS&category=Any&time=Any&dateFrom=&dateTo=,http://www.cbr.ru/eng/search/?text=ALRS&category=Any&time=Any&dateFrom=&dateTo=
0,2017-12-31,ALRS.ME,2017-12-31,2017-12-31,Q4,55229000000,31161000000,24068000000,0.43578554744789877,0.0,1561000000,199000000,9810000000,5280000000,33482000000,2016000000,0.0,38074000000,0.6893842003295371,21747000000,0.4045519563997175,0.0,22343000000,0.4045519563997175,5587000000,16225000000,0.2937768201488348,2.2506882989758794,2.2506882989758794,7208905830,7208905830,http://www.cbr.ru/eng/search/?text=ALRS&category=Any&time=Any&dateFrom=&dateTo=,http://www.cbr.ru/eng/search/?text=ALRS&category=Any&time=Any&dateFrom=&dateTo=
0,2017-09-30,ALRS.ME,2017-09-30,2017-09-30,Q3,58927000000,30075000000,28852000000,0.489622753576459,0.0,1166000000,272000000,680000000,4315000000,37053000000,2113000000,0.0,31293000000,0.5310468885230879,21874000000,0.276935869805013,0.0,16319000000,0.276935869805013,3369000000,12766000000,0.21664092860658102,1.73,1.73,7364965630,7364965630,http://www.cbr.ru/eng/search/?text=ALRS&category=Any&time=Any&dateFrom=&dateTo=,http://www.cbr.ru/eng/search/?text=ALRS&category=Any&time=Any&dateFrom=&dateTo=
0,2017-06-30,ALRS.ME,2017-06-30,2017-06-30,Q2,70737000000,33043000000,37694000000,0.5328752986414464,0.0,1584000000,310000000,3470000000,2738000000,39581000000,1982000000,0.0,38922000000,0.5502353789388863,31156000000,0.43706970892178065,0.0,30917000000,0.43706970892178065,5749000000,24644000000,0.3483891032981325,3.35,3.35,7364965630,7364965630,http://www.cbr.ru/eng/search/?text=ALRS&category=Any&time=Any&dateFrom=&dateTo=,http://www.cbr.ru/eng/search/?text=ALRS&category=Any&time=Any&dateFrom=&dateTo=
0,2017-03-31,ALRS.ME,2017-03-31,2017-03-31,Q1,84813000000,50514000000,34299000000,0.4044073432138941,0.0,1252000000,337000000,0.0,2985000000,57054000000,4867000000,0.0,42972000000,0.5066676099182909,27759000000,0.35804652588636177,0.0,30367000000,0.35804652588636177,7681000000,22383000000,0.263910013795055,3.04,3.04,7364965630,7364965630,http://www.cbr.ru/eng/search/?text=ALRS&category=Any&time=Any&dateFrom=&dateTo=,http://www.cbr.ru/eng/search/?text=ALRS&category=Any&time=Any&dateFrom=&dateTo=
0,2016-12-31,ALRS.ME,2016-12-31,2016-12-31,Q4,61527000000,36181000000,25346000000,0.4119492255432574,0.0,1373000000,314000000,0.0,4980000000,42429000000,3313000000,0.0,33561000000,0.5454678433858307,19098000000,0.32722219513384365,0.0,20133000000,0.32722219513384365,3607000000,16236000000,0.26388414842264374,2.2522141893480665,2.2522141893480665,7208905830,7208905830,http://www.cbr.ru/eng/search/?text=ALRS&category=Any&time=Any&dateFrom=&dateTo=,http://www.cbr.ru/eng/search/?text=ALRS&category=Any&time=Any&dateFrom=&dateTo=
0,2016-09-30,ALRS.ME,2016-09-30,2016-09-30,Q3,68896000000,28975000000,39921000000,0.5794385740826753,0.0,1387000000,332000000,219000000,2735000000,34833000000,2940000000,0.0,43843000000,0.6363649558755226,34063000000,0.5187819321876451,0.0,35742000000,0.5187819321876451,9182000000,26226000000,0.3806607059916396,3.56,3.56,7363704790,7363704790,http://www.cbr.ru/eng/search/?text=ALRS&category=Any&time=Any&dateFrom=&dateTo=,http://www.cbr.ru/eng/search/?text=ALRS&category=Any&time=Any&dateFrom=&dateTo=
0,2016-06-30,ALRS.ME,2016-06-30,2016-06-30,Q2,84328000000,32266000000,52062000000,0.6173750118584574,0.0,1509000000,402000000,0.0,3035000000,38680000000,3079000000,0.0,61519000000,0.729520443980647,45648000000,0.600607153021535,0.0,50648000000,0.600607153021535,10152000000,39758000000,0.4714685513708377,5.4,5.4,7363704790,7363704790,http://www.cbr.ru/eng/search/?text=ALRS&category=Any&time=Any&dateFrom=&dateTo=,http://www.cbr.ru/eng/search/?text=ALRS&category=Any&time=Any&dateFrom=&dateTo=
0,2016-03-31,ALRS.ME,2016-03-31,2016-03-31,Q1,102339000000,41740000000,60599000000,0.5921398489334467,0.0,1312000000,464000000,0.0,3139000000,48088000000,3461000000,0.0,73184000000,0.715113495343906,54251000000,0.6177117228036233,0.0,63216000000,0.6177117228036233,13327000000,49172000000,0.48048153685300815,6.68,6.68,7356366330,7356366330,http://www.cbr.ru/eng/search/?text=ALRS&category=Any&time=Any&dateFrom=&dateTo=,http://www.cbr.ru/eng/search/?text=ALRS&category=Any&time=Any&dateFrom=&dateTo=
0,2015-12-31,ALRS.ME,2015-12-31,2015-12-31,Q4,52028000000,22468000000,29560000000,0.56815560851849,0.0,1486000000,289000000,316000000,2944000000,28234000000,3411000000,0.0,10875000000,0.20902206504190052,23794000000,0.04353425078803721,0.0,2265000000,0.04353425078803721,2293000000,-464000000,-0.00891827477512109,-0.06436483024498046,-0.06436483024498046,7208905830,7208905830,http://www.cbr.ru/eng/search/?text=ALRS&category=Any&time=Any&dateFrom=&dateTo=,http://www.cbr.ru/eng/search/?text=ALRS&category=Any&time=Any&dateFrom=&dateTo=
0,2015-09-30,ALRS.ME,2015-09-30,2015-09-30,Q3,40628000000,20697000000,19931000000,0.49057300383971647,0.0,1191000000,312000000,356000000,2609000000,25829000000,3210000000,0.0,-11011000000,-0.2710199862164025,14799000000,-0.5041350792556857,0.0,-20482000000,-0.5041350792556857,-5304000000,-15430000000,-0.3797873387811362,-2.1,-2.1,7356910462,7356910462,http://www.cbr.ru/eng/search/?text=ALRS&category=Any&time=Any&dateFrom=&dateTo=,http://www.cbr.ru/eng/search/?text=ALRS&category=Any&time=Any&dateFrom=&dateTo=
0,2015-06-30,ALRS.ME,2015-06-30,2015-06-30,Q2,57288000000,29062000000,28226000000,0.4927035330261137,0.0,1032000000,308000000,267000000,2310000000,34241000000,3297000000,0.0,39415000000,0.6880149420472002,23047000000,0.5309838011450915,0.0,30419000000,0.5309838011450915,5252000000,25012000000,0.43660103337522693,3.4,3.4,7359350821,7359350821,http://www.cbr.ru/eng/search/?text=ALRS&category=Any&time=Any&dateFrom=&dateTo=,http://www.cbr.ru/eng/search/?text=ALRS&category=Any&time=Any&dateFrom=&dateTo=
0,2015-03-31,ALRS.ME,2015-03-31,2015-03-31,Q1,74580000000,30506000000,44074000000,0.5909627245910432,0.0,1222000000,357000000,0.0,2781000000,36330000000,3808000000,0.0,37752000000,0.5061946902654867,38250000000,0.39037275408956823,0.0,29114000000,0.39037275408956823,6883000000,21556000000,0.2890319120407616,2.93,2.93,7364124483,7364124483,http://www.cbr.ru/eng/search/?text=ALRS&category=Any&time=Any&dateFrom=&dateTo=,http://www.cbr.ru/eng/search/?text=ALRS&category=Any&time=Any&dateFrom=&dateTo=
0,2014-12-31,ALRS.ME,2014-12-31,2014-12-31,Q4,60252000000,30268000000,29984000000,0.4976432317599416,0.0,1470000000,215000000,146000000,4413000000,37654000000,3254000000,0.0,-19153000000,-0.3178815640974573,22598000000,-0.5007634601341034,0.0,-30172000000,-0.5007634601341034,-556000000,-30051000000,-0.49875522804222266,-4.168593779508423,-4.168593779508423,7208905830,7208905830,http://www.cbr.ru/eng/search/?text=ALRS&category=Any&time=Any&dateFrom=&dateTo=,http://www.cbr.ru/eng/search/?text=ALRS&category=Any&time=Any&dateFrom=&dateTo=
0,2014-09-30,ALRS.ME,2014-09-30,2014-09-30,Q3,42118000000,24626000000,17492000000,0.4153093689159029,0.0,923000000,28000000,594000000,2329000000,29046000000,2737000000,0.0,109000000,0.002587967139940168,13072000000,-0.23099387435300822,0.0,-9729000000,-0.23099387435300822,604000000,-10468000000,-0.24853981670544661,-1.42,-1.42,7361064419,7361064419,http://www.cbr.ru/eng/search/?text=ALRS&category=Any&time=Any&dateFrom=&dateTo=,http://www.cbr.ru/eng/search/?text=ALRS&category=Any&time=Any&dateFrom=&dateTo=
0,2014-06-30,ALRS.ME,2014-06-30,2014-06-30,Q2,47939000000,23961000000,23978000000,0.5001773086630927,0.0,1527000000,363000000,111000000,2743000000,30113000000,2501000000,0.0,28872000000,0.602265378919043,17826000000,0.4659254469221302,0.0,22336000000,0.4659254469221302,5202000000,16963000000,0.3538455120048395,2.31,2.31,7358846430,7358846430,http://www.cbr.ru/eng/search/?text=ALRS&category=Any&time=Any&dateFrom=&dateTo=,http://www.cbr.ru/eng/search/?text=ALRS&category=Any&time=Any&dateFrom=&dateTo=
0,2014-03-31,ALRS.ME,2014-03-31,2014-03-31,Q1,56291000000,30141000000,26150000000,0.4645502833490256,0.0,1015000000,317000000,0.0,2075000000,34152000000,2304000000,0.0,16324000000,0.2899930717166154,22139000000,0.17487697855785117,0.0,9844000000,0.17487697855785117,3785000000,5680000000,0.10090422980583041,0.77,0.77,7358381459,7358381459,http://www.cbr.ru/eng/search/?text=ALRS&category=Any&time=Any&dateFrom=&dateTo=,http://www.cbr.ru/eng/search/?text=ALRS&category=Any&time=Any&dateFrom=&dateTo=
0,2013-12-31,ALRS.ME,2013-12-31,2013-12-31,Q4,47127000000,25334000000,21793000000,0.4624313026502854,0.0,1401000000,375000000,751000000,3670000000,32740000000,2929000000,0.0,17457000000,0.37042459736456806,14387000000,0.23175674241941988,0.0,10922000000,0.23175674241941988,2021000000,8675000000,0.18407706834723195,1.2033726344293223,1.2033726344293223,7208905830,7208905830,http://www.cbr.ru/eng/search/?text=ALRS&category=Any&time=Any&dateFrom=&dateTo=,http://www.cbr.ru/eng/search/?text=ALRS&category=Any&time=Any&dateFrom=&dateTo=
0,2013-09-30,ALRS.ME,2013-09-30,2013-09-30,Q3,39149000000,22551000000,16598000000,0.423969960918542,0.0,1149000000,123000000,114000000,2148000000,26973000000,2246000000,0.0,16943000000,0.4327824465503589,12176000000,0.27551150731819457,0.0,10786000000,0.27551150731819457,2466000000,8155000000,0.20830672558686045,1.13,1.13,7215790600,7215790600,http://www.cbr.ru/eng/search/?text=ALRS&category=Any&time=Any&dateFrom=&dateTo=,http://www.cbr.ru/eng/search/?text=ALRS&category=Any&time=Any&dateFrom=&dateTo=
0,2013-06-30,ALRS.ME,2013-06-30,2013-06-30,Q2,42770000000,21569000000,21201000000,0.4956979191021744,0.0,1144000000,185000000,288000000,2865000000,26733000000,2347000000,0.0,14597000000,0.3412906242693477,16037000000,0.2562543839139584,0.0,10960000000,0.2562543839139584,2602000000,7993000000,0.18688332943652092,1.11,1.11,7216116045,7216116045,http://www.cbr.ru/eng/search/?text=ALRS&category=Any&time=Any&dateFrom=&dateTo=,http://www.cbr.ru/eng/search/?text=ALRS&category=Any&time=Any&dateFrom=&dateTo=
0,2013-03-31,ALRS.ME,2013-03-31,2013-03-31,Q1,39604000000,22867000000,16737000000,0.4226088273911726,0.0,1252000000,372000000,313000000,1917000000,27004000000,2588000000,0.0,15247000000,0.384986365013635,12600000000,0.22303302696697302,0.0,8833000000,0.22303302696697302,2575000000,6094000000,0.15387334612665388,0.79,0.79,7212067885,7212067885,http://www.cbr.ru/eng/search/?text=ALRS&category=Any&time=Any&dateFrom=&dateTo=,http://www.cbr.ru/eng/search/?text=ALRS&category=Any&time=Any&dateFrom=&dateTo=
0,2012-12-31,ALRS.ME,2012-12-31,2012-12-31,Q4,46561000000,29288000000,17273000000,0.3709757092845944,0.0,-3795000000,-644000000,0.0,2367000000,36353000000,0.0,0.0,12966000000,0.27847340048538477,10208000000,0.2094027190137669,0.0,9750000000,0.2094027190137669,955000000,8261000000,0.17742316531002342,1.1459436695124647,1.1459436695124647,7208905830,7208905830,http://www.cbr.ru/eng/search/?text=ALRS&category=Any&time=Any&dateFrom=&dateTo=,http://www.cbr.ru/eng/search/?text=ALRS&category=Any&time=Any&dateFrom=&dateTo=
0,2012-09-30,ALRS.ME,2012-09-30,2012-09-30,Q3,27791000000,13559000000,14232000000,0.5121082364794358,0.0,1884000000,458000000,0.0,3540000000,18887000000,0.0,0.0,8904000000,0.3203914936490231,8904000000,0.44097009823324096,0.0,12255000000,0.44097009823324096,3632000000,8605000000,0.30963261487531935,1.2,1.2,7215790600,7215790600,http://www.cbr.ru/eng/search/?text=ALRS&category=Any&time=Any&dateFrom=&dateTo=,http://www.cbr.ru/eng/search/?text=ALRS&category=Any&time=Any&dateFrom=&dateTo=
0,2012-06-30,ALRS.ME,2012-06-30,2012-06-30,Q2,39329000000,17581000000,21748000000,0.5529761753413511,0.0,1570000000,152000000,415000000,2823000000,23014000000,2227000000,0.0,10142000000,0.25787586768033766,16315000000,0.12207277072897861,0.0,4801000000,0.12207277072897861,1301000000,3296000000,0.08380584301660353,0.46,0.46,7216196073,7216196073,http://www.cbr.ru/eng/search/?text=ALRS&category=Any&time=Any&dateFrom=&dateTo=,http://www.cbr.ru/eng/search/?text=ALRS&category=Any&time=Any&dateFrom=&dateTo=
0,2012-03-31,ALRS.ME,2012-03-31,2012-03-31,Q1,37200000000,20327000000,16873000000,0.4535752688172043,0.0,627000000,145000000,105000000,2476000000,24610000000,1742000000,0.0,23160000000,0.6225806451612903,12590000000,0.46559139784946235,0.0,17320000000,0.46559139784946235,4629000000,12447000000,0.3345967741935484,1.76,1.76,7216276100,7216276100,http://www.cbr.ru/eng/search/?text=ALRS&category=Any&time=Any&dateFrom=&dateTo=,http://www.cbr.ru/eng/search/?text=ALRS&category=Any&time=Any&dateFrom=&dateTo=
0,2011-12-31,ALRS.ME,2011-12-31,2011-12-31,Q4,30417000000,18828000000,11589000000,0.38100404379130093,0.0,2626000000,522000000,0.0,6860000000,27707000000,0.0,0.0,2484000000,0.08166485846730447,2710000000,-0.18226649570963604,0.0,-5544000000,-0.18226649570963604,3326000000,-8365000000,-0.275010684814413,-1.1603702693949602,-1.1603702693949602,7208905830,7208905830,http://www.cbr.ru/eng/search/?text=ALRS&category=Any&time=Any&dateFrom=&dateTo=,http://www.cbr.ru/eng/search/?text=ALRS&category=Any&time=Any&dateFrom=&dateTo=
0,2011-09-30,ALRS.ME,2011-09-30,2011-09-30,Q3,41168000000,15812000000,25356000000,0.6159152739992227,0.0,1541000000,356000000,0.0,4400000000,21743000000,0.0,0.0,19556000000,0.4750291488534784,19425000000,0.2567285270112709,0.0,10569000000,0.2567285270112709,1308000000,8748000000,0.2124951418577536,1.21,1.21,7216276100,7216276100,http://www.cbr.ru/eng/search/?text=ALRS&category=Any&time=Any&dateFrom=&dateTo=,http://www.cbr.ru/eng/search/?text=ALRS&category=Any&time=Any&dateFrom=&dateTo=
