,date,symbol,fillingDate,acceptedDate,period,revenue,costOfRevenue,grossProfit,grossProfitRatio,researchAndDevelopmentExpenses,generalAndAdministrativeExpenses,sellingAndMarketingExpenses,otherExpenses,operatingExpenses,costAndExpenses,interestExpense,depreciationAndAmortization,ebitda,ebitdaratio,operatingIncome,operatingIncomeRatio,totalOtherIncomeExpensesNet,incomeBeforeTax,incomeBeforeTaxRatio,incomeTaxExpense,netIncome,netIncomeRatio,eps,epsdiluted,weightedAverageShsOut,weightedAverageShsOutDil,link,finalLink
0,2020-09-30,FLS,2020-11-13,2020-11-13 16:27:19,Q3,923404000,635166000,288238000,0.3121472291651325,0.0,-204543000,0.0,-963000.0,-204543000,430623000,14745000,20537000,107074000,0.11595574634721097,86537000,0.09371521024383693,-963000.0,71502000,0.07743306288471785,-17456000,88958000,0.09633703124526209,0.6804712001835845,0.6804712001835845,130730000,130730000,https://www.sec.gov/Archives/edgar/data/30625/000003062520000116/0000030625-20-000116-index.htm,https://www.sec.gov/Archives/edgar/data/30625/000003062520000116/fls-20200930.htm
0,2020-06-30,FLS,2020-07-30,2020-07-30 18:44:30,Q2,924965000,627952000,297013000,0.32110728514051884,0.0,193110000,0.0,-14941000,254125000,882077000,12900000,24199000,51153000,0.055303,42888000,0.046367,-14941000,16196000,0.01751,5409000.0,8645000.0,0.009346,0.06613,0.06613,130730000,130730000,https://www.sec.gov/Archives/edgar/data/30625/000003062520000100/0000030625-20-000100-index.htm,https://www.sec.gov/Archives/edgar/data/30625/000003062520000100/fls-20200630.htm
0,2020-03-31,FLS,2020-05-07 00:00:00,2020-05-07 16:02:56,Q1,894457000,619020000,275437000,0.307938,0.0,236700000,0.0,23462000,249885000,868905000,12963000,25287000,73950000,0.082676,25552000,0.028567,20003000,37800000,0.04226,36310000,-610000.0,-0.000682,-0.00467,-0.00467,130731000,130731000,https://www.sec.gov/Archives/edgar/data/30625/000003062520000066/0000030625-20-000066-index.html,https://www.sec.gov/Archives/edgar/data/30625/000003062520000066/fls-20200331.htm
0,2019-12-31,FLS,2020-02-18 00:00:00,2020-02-18 06:07:43,Q4,1068171000,714148000,354023000,0.331429,0.0,232009000,0.0,-9521000.0,246792000.00000003,960940000,12955000,25339999.999999996,123512000,0.115629,107231000,0.100387,-7537000.0,86670000,0.081139,15424000,69793000,0.065339,0.5296,0.5296,131785000,131785000,https://www.sec.gov/Archives/edgar/data/30625/000003062520000007/0000030625-20-000007-index.html,https://www.sec.gov/Archives/edgar/data/30625/000003062520000007/fls12312019financialst.htm
0,2019-09-30,FLS,2019-10-30 00:00:00,2019-10-30 16:02:59,Q3,996544000,659435000,337109000,0.338278,0.0,218791000,0.0,-1622000.0,227549000.0000001,886984000.0000001,13981000,24472000.00000001,132543000.00000001,0.133003,109560000,0.10994,195000.0,96210000,0.096544,25647000,68443000,0.06868,0.51911,0.51911,131846000,131846000,https://www.sec.gov/Archives/edgar/data/30625/000003062519000072/0000030625-19-000072-index.html,https://www.sec.gov/Archives/edgar/data/30625/000003062519000072/a09302019financialstat.htm
0,2019-06-30,FLS,2019-07-31 00:00:00,2019-07-31 16:03:26,Q2,990084000,668187000,321897000,0.325121,0.0,212536000,0.0,-3336000.0,223879000.00000003,892066000,14013000,27202999.999999996,121801000,0.123021,98018000,0.099,-1923000.0,82887000,0.083717,22413000,58172000,0.058755,0.44152,0.44152,131754000,131754000,https://www.sec.gov/Archives/edgar/data/30625/000003062519000062/0000030625-19-000062-index.html,https://www.sec.gov/Archives/edgar/data/30625/000003062519000062/a06302019financialstat.htm
0,2019-03-31,FLS,2019-05-02 00:00:00,2019-05-02 16:09:07,Q1,890051000,590475000,299576000,0.336583,0.0,213014000,0.0,-3140000.0,208345000.00000003,798820000,14031000,27466000,115345000,0.129594,91231000,0.102501,-1859000.0,76083000,0.085482,16587000,57261000,0.064335,0.43534,0.43534,131532000,131532000,https://www.sec.gov/Archives/edgar/data/30625/000003062519000039/0000030625-19-000039-index.html,https://www.sec.gov/Archives/edgar/data/30625/000003062519000039/a03312019financialstatemen.htm
0,2018-12-31,FLS,2019-02-20 00:00:00,2019-02-20 16:04:30,Q4,986868000,653918000,332950000,0.33738,0.0,232382000,0.0,-2363000.0,239739000.00000003,893657000,14515000,27256999.999999985,124770999.99999999,0.126431,93211000,0.094451,-1593000.0,78561000,0.079606,19896000,63103000,0.063943,0.48019,0.48019,131412000,131412000,https://www.sec.gov/Archives/edgar/data/30625/000003062519000009/0000030625-19-000009-index.html,https://www.sec.gov/Archives/edgar/data/30625/000003062519000009/fls12312018financialstatem.htm
0,2018-09-30,FLS,2018-11-07 00:00:00,2018-11-07 16:03:04,Q3,952716000,636007000,316709000,0.332428,0.0,238959000,0.0,-5281000.0,254518000.00000003,890525000,13827000,27516000.000000004,84460000,0.088652,62191000,0.065278,-4126000.0,44351000,0.046552,14912000,28205000,0.029605,0.21473,0.21473,131350000,131350000,https://www.sec.gov/Archives/edgar/data/30625/000003062518000075/0000030625-18-000075-index.html,https://www.sec.gov/Archives/edgar/data/30625/000003062518000075/a09302018financialstatemen.htm
0,2018-06-30,FLS,2018-08-08 00:00:00,2018-08-08 16:01:44,Q2,973100000,670800000,302300000,0.310657,0.0,236300000,0.0,-4770000.0,255600000.00000003,926400000,14939000,28800000.000000004,70439000,0.072386,46700000,0.047991,-4600000.0,28300000,0.029082,13500000,13200000,0.013565,0.10061,0.10061,131200000,131200000,https://www.sec.gov/Archives/edgar/data/30625/000003062518000067/0000030625-18-000067-index.html,https://www.sec.gov/Archives/edgar/data/30625/000003062518000067/a06302018financialstatemen.htm
0,2018-03-31,FLS,2018-05-10 00:00:00,2018-05-10 16:03:22,Q1,920000000,641400000,278600000,0.302826,0.0,224900000,0.0,-7155000.0,233100000.00000003,874500000,14879000,28900000,67479000,0.073347,45400000,0.049348,-6100000.0,25000000,0.027174,8600000.0,15100000,0.016413,0.11518,0.11518,131100000,131100000,https://www.sec.gov/Archives/edgar/data/30625/000003062518000036/0000030625-18-000036-index.html,https://www.sec.gov/Archives/edgar/data/30625/000003062518000036/a03312018financialstatemen.htm
0,2017-12-31,FLS,2018-02-28 00:00:00,2018-02-28 16:03:59,Q4,1034100000,715500000,318600000,0.308094,0.0,218900000,0.0,-4512000.0,227399999.99999997,942900000,15041000,30400000.000000004,-2958999.999999998,-0.002861,91200000,0.088193,-2132000000,67000000,0.064791,57500000,-105900000,-0.102408,-0.81025,-0.81025,130700000,130700000,https://www.sec.gov/Archives/edgar/data/30625/000162828018002486/0001628280-18-002486-index.html,https://www.sec.gov/Archives/edgar/data/30625/000162828018002486/fls12312017financialstatem.htm
0,2017-09-30,FLS,2017-11-01 00:00:00,2017-11-01 16:02:20,Q3,883400000,601600000,281800000,0.318995,0.0,203700000,0.0,8286000.0,207799999.99999994,809400000,15043000,30600000.00000001,112843000.00000001,0.127737,74000000,0.083767,7700000.0,68400000,0.077428,19600000,47600000,0.053883,0.36225,0.36225,131400000,131400000,https://www.sec.gov/Archives/edgar/data/30625/000003062517000130/0000030625-17-000130-index.html,https://www.sec.gov/Archives/edgar/data/30625/000003062517000130/a09-30x2017financialstatem.htm
0,2017-06-30,FLS,2017-08-14 00:00:00,2017-08-11 17:33:47,Q2,877100000,618000000,259100000,0.295405,0.0,235200000,0.0,-8761000.0,132899999.99999999,750900000,14950000,28799999.999999996,146550000,0.167085,126100000,0.143769,-6500000.0,103100000,0.117546,60900000,41900000,0.047771,0.31912,0.31912,131300000,131300000,https://www.sec.gov/Archives/edgar/data/30625/000003062517000117/0000030625-17-000117-index.html,https://www.sec.gov/Archives/edgar/data/30625/000003062517000117/a06-30x2017financialstatem.htm
0,2017-03-31,FLS,2017-05-01 00:00:00,2017-05-01 16:16:12,Q1,866300000,592800000,273500000,0.31571,0.0,216600000,0.0,-11127000,223700000.00000006,816500000,14696000,28600000,67696000,0.078144,49800000,0.057486,-13000000,24600000,0.028397,5300000.0,19100000,0.022048,0.14547,0.14547,131300000,131300000,https://www.sec.gov/Archives/edgar/data/30625/000162828017004544/0001628280-17-004544-index.html,https://www.sec.gov/Archives/edgar/data/30625/000162828017004544/a03-31x2017financialstatem.htm
0,2016-12-31,FLS,2017-02-16 00:00:00,2017-02-16 16:02:46,Q4,1073700000,718600000,355100000,0.330726,0.0,231300000,0.0,1210000.0,256699999.99999994,975299999.9999999,15155000,29500000,126755000,0.118054,98400000,0.091646,100000.0,84000000,0.078234,29600000,52500000,0.048896,0.40015,0.40015,131200000,131200000,https://www.sec.gov/Archives/edgar/data/30625/000003062517000046/0000030625-17-000046-index.html,https://www.sec.gov/Archives/edgar/data/30625/000003062517000046/fls12312016financialstatem.htm
0,2016-09-30,FLS,2016-10-27 00:00:00,2016-10-27 16:02:16,Q3,945900000,643500000,302500000,0.319801,0.0,274300000,0.0,1898000.0,302299999.99999994,945800000,15140000,28900000.000000007,31040000.000000007,0.032815,100000.0,0.000106,2700000.0,-12200000,-0.012898,2800000.0,-15800000,-0.016704,-0.12126,-0.12126,130300000,130300000,https://www.sec.gov/Archives/edgar/data/30625/000003062516000186/0000030625-16-000186-index.html,https://www.sec.gov/Archives/edgar/data/30625/000003062516000186/a09-30x2016financialstatem.htm
0,2016-06-30,FLS,2016-07-28,2016-07-28 16:02:29,Q2,1027400000,695500000,331900000,0.323048,0.0,219800000,0.0,4736000.0,238100000.00000003,933600000,15274000,29800000.000000004,128974000,0.125534,93800000,0.091298,400000.0,83900000,0.081662,29500000,54400000,0.052949,0.41558,0.41558,130900000,130900000,https://www.sec.gov/Archives/edgar/data/30625/000003062516000163/a06-30x2016financialstatem.htm,https://www.sec.gov/Archives/edgar/data/30625/000003062516000163/a06-30x2016financialstatem.htm
0,2016-03-31,FLS,2016-04-28 00:00:00,2016-04-28 16:02:31,Q1,946200000,633900000,312400000,0.330163,0.0,231300000,0.0,-4543000.0,241399999.99999997,875300000,14568000,28600000,94268000,0.099628,70900000,0.074931,-7600000.0,51500000,0.054428,17200000,33900000,0.035828,0.25917,0.25917,130800000,130800000,https://www.sec.gov/Archives/edgar/data/30625/000003062516000138/0000030625-16-000138-index.html,https://www.sec.gov/Archives/edgar/data/30625/000003062516000138/a03-31x2016financialstatem.htm
0,2015-12-31,FLS,2016-02-18 00:00:00,2016-02-18 16:02:55,Q4,1284400000,864600000,419800000,0.326845,0.0,246600000,0.0,-9909000.0,293999999.9999999,1158600000,17558000,27500000,143958000,0.112082,125900000,0.098022,-1400000.0,100000000,0.077857,36800000,62100000,0.048349,0.45729,0.45729,135800000,135800000,https://www.sec.gov/Archives/edgar/data/30625/000003062516000121/0000030625-16-000121-index.html,https://www.sec.gov/Archives/edgar/data/30625/000003062516000121/fls12312015financialstatem.htm
0,2015-09-30,FLS,2015-10-29 00:00:00,2015-10-29 16:01:45,Q3,1096500000,706000000,390400000,0.356042,0.0,217800000,0.0,-5430000.0,222600000.00000003,928600000,16283000,32500000,194483000,0.177367,167800000,0.153032,-9800000.0,146600000,0.133698,52100000,93600000,0.085363,0.69539,0.69539,134600000,134600000,https://www.sec.gov/Archives/edgar/data/30625/000003062515000092/0000030625-15-000092-index.html,https://www.sec.gov/Archives/edgar/data/30625/000003062515000092/fls9-30x15financialstateme.htm
0,2015-06-30,FLS,2015-07-30 00:00:00,2015-07-30 16:03:54,Q2,1162200000,772200000,390000000,0.33557,0.0,226400000,0.0,-4882000000,262500000,1034700000,15392000,33300000,154592000,0.133017,127600000,0.109792,-6800000.0,107600000,0.092583,30900000,75000000,0.064533,0.55887,0.55887,134200000,134200000,https://www.sec.gov/Archives/edgar/data/30625/000003062515000075/0000030625-15-000075-index.html,https://www.sec.gov/Archives/edgar/data/30625/000003062515000075/fls6-30x15financialstateme.htm
0,2015-03-31,FLS,2015-04-30 00:00:00,2015-04-30 16:02:08,Q1,1014600000,670700000,343900000,0.338951,0.0,241500000,0.0,-19946000000,250500000,921200000,16037000,33800000,106037000,0.104511,93400000,0.092056,-45000000,58200000,0.057363,28500000,27700000,0.027301,0.20503,0.20503,135100000,135100000,https://www.sec.gov/Archives/edgar/data/30625/000003062515000048/0000030625-15-000048-index.html,https://www.sec.gov/Archives/edgar/data/30625/000003062515000048/fls3-31x15financialstateme.htm
0,2014-12-31,FLS,2015-02-17,2015-02-17 16:08:50,Q4,1381400000,900100000,481300000,0.348415,0.0,251600000,0.0,1129000.0,246999999.9999999,1147100000,15016000,26999999.999999993,263416000,0.190688,234300000,0.169611,-5300000.0,222900000,0.161358,67800000,153600000,0.111192,1.12117,1.12117,137000000,137000000,https://www.sec.gov/Archives/edgar/data/30625/000003062515000021/fls12312014financialstatem.htm,https://www.sec.gov/Archives/edgar/data/30625/000003062515000021/fls12312014financialstatem.htm
0,2014-09-30,FLS,2014-10-23 00:00:00,2014-10-23 16:05:26,Q3,1204000000,782500000,421500000,0.350083,0.0,230900000,0.0,5612000.0,229100000.00000003,1011600000,15130000,27700000.000000004,224130000,0.186154,192400000,0.159801,5600000.0,183300000,0.152243,52700000,128600000,0.106811,0.93527,0.93527,137500000,137500000,https://www.sec.gov/Archives/edgar/data/30625/000003062514000077/0000030625-14-000077-index.html,https://www.sec.gov/Archives/edgar/data/30625/000003062514000077/fls9302014financialstateme.htm
0,2014-06-30,FLS,2014-07-23 00:00:00,2014-07-23 16:06:14,Q2,1224400000,794100000,430300000,0.351437,0.0,238200000,0.0,-3836000.0,235999999.9999999,1030099999.9999999,15027000,28199999.999999996,217527000,0.17766,194300000,0.15869,-2300000.0,176000000,0.143744,50800000,123500000,0.100866,0.89299,0.89299,138300000,138300000,https://www.sec.gov/Archives/edgar/data/30625/000003062514000062/0000030625-14-000062-index.html,https://www.sec.gov/Archives/edgar/data/30625/000003062514000062/fls6302014financialstateme.htm
0,2014-03-31,FLS,2014-04-23 00:00:00,2014-04-23 16:03:05,Q1,1068100000,691000000,377100000,0.353057,0.0,216200000,0.0,-2905000.0,212799999.99999994,903800000,15149000,27400000.000000004,188249000,0.176247,164300000,0.153825,-4400000.0,146600000,0.137253,38000000,107700000,0.100833,0.77538,0.77538,138900000,138900000,https://www.sec.gov/Archives/edgar/data/30625/000003062514000037/0000030625-14-000037-index.html,https://www.sec.gov/Archives/edgar/data/30625/000003062514000037/fls3312014financialstateme.htm
0,2013-12-31,FLS,2014-02-18,2014-02-18 16:02:50,Q4,1389400000,919000000,470500000,0.338635,0.0,260600000,0.0,-5601000.0,257500000,1176500000,16151000,27799999.999999996,234751000,0.168959,212900000,0.153232,-5600000.0,191700000,0.137973,49700000,141100000,0.101555,1.00714,1.00714,140100000,140100000,https://www.sec.gov/Archives/edgar/data/30625/000003062514000017/fls12312013financialstatem.htm,https://www.sec.gov/Archives/edgar/data/30625/000003062514000017/fls12312013financialstatem.htm
0,2013-09-30,FLS,2013-10-24 00:00:00,2013-10-24 16:03:53,Q3,1229100000,806300000,422700000,0.34391,0.0,231600000,0.0,1733000.0,229400000.0000001,1035700000.0000001,13046000,26900000.000000007,222146000,0.180739,193400000,0.157351,1700000.0,182400000,0.148401,55900000,126300000,0.102758,0.89511,0.89511,141100000,141100000,https://www.sec.gov/Archives/edgar/data/30625/000003062513000084/0000030625-13-000084-index.html,https://www.sec.gov/Archives/edgar/data/30625/000003062513000084/fls9302013financialstateme.htm
0,2013-06-30,FLS,2013-07-24 00:00:00,2013-07-24 16:05:43,Q2,1239500000,817900000,421600000,0.340137,0.0,240200000,0.0,616000.0,238100000.00000003,1056000000,13124000,26500000,210424000,0.169765,183500000,0.148044,600000.0,171300000,0.138201,50400000,120400000,0.097136,0.85877,0.85877,140200000,140200000,https://www.sec.gov/Archives/edgar/data/30625/000003062513000066/0000030625-13-000066-index.html,https://www.sec.gov/Archives/edgar/data/30625/000003062513000066/fls6302013financialstateme.htm
0,2013-03-31,FLS,2013-04-24 00:00:00,2013-04-24 16:04:39,Q1,1096600000,723300000,373300000,0.340416,0.0,234500000,0.0,0.0,202800000.00000006,926100000.0000001,12092000,25200000,183792000,0.167602,170500000,0.155481,-11000000,147600000,0.134598,48700000,97800000,0.089185,0.6717,0.6717,145600000,145600000,https://www.sec.gov/Archives/edgar/data/30625/000003062513000040/0000030625-13-000040-index.html,https://www.sec.gov/Archives/edgar/data/30625/000003062513000040/flsq12013financialstatemen.htm
0,2012-12-31,FLS,2013-02-21 00:00:00,2013-02-21 16:04:05,Q4,1328200000,880600000,447600000,0.336997,0.0,248500000,0.0,504000.0,244899999.99999997,1125500000,13644000,26499999.999999993,229644000,0.172899,202800000,0.152688,500000.0,189800000,0.1429,47900000,141600000,0.10661,0.8962,0.8962,158000000,158000000,https://www.sec.gov/Archives/edgar/data/30625/000003062513000019/0000030625-13-000019-index.html,https://www.sec.gov/Archives/edgar/data/30625/000003062513000019/fls12312012financialstatem.htm
0,2012-09-30,FLS,2012-10-29 00:00:00,2012-10-29 16:03:38,Q3,1165900000,776300000,389600000,0.334162,0.0,227800000,0.0,-9166000000,223900000.0000001,1000200000.0000001,12145000,26300000.000000004,182545000,0.15657,165700000,0.142122,-9200000.0,144600000,0.124024,37800000,106300000,0.091174,0.69071,0.69071,153900000,153900000,https://www.sec.gov/Archives/edgar/data/30625/000003062512000022/0000030625-12-000022-index.html,https://www.sec.gov/Archives/edgar/data/30625/000003062512000022/fls9302012financialstateme.htm
0,2012-06-30,FLS,2012-07-30 00:00:00,2012-07-30 16:10:37,Q2,1182200000,797600000,384600000,0.325326,0.0,223900000,0.0,-8046000000,219799999.99999994,1017400000,8922000.0,27399999.999999996,183222000,0.154984,164800000,0.139401,-8000000.0,148100000,0.125275,39600000,107300000,0.090763,0.65909,0.65909,162800000,162800000,https://www.sec.gov/Archives/edgar/data/30625/000003062512000015/0000030625-12-000015-index.html,https://www.sec.gov/Archives/edgar/data/30625/000003062512000015/flowserve-6302012x10q.htm
0,2012-03-31,FLS,2012-04-30,2012-04-30 16:05:05,Q1,1075000000,715800000,359200000,0.33414,0.0,221900000,0.0,-4939000000,216700000.00000006,932500000,8809000.0,27100000,164509000,0.153032,142500000,0.132558,-4900000.0,129100000,0.120093,35500000,93100000,0.086605,0.5639,0.5639,165100000,165100000,https://www.sec.gov/Archives/edgar/data/30625/000003062512000005/fls1231201110k.htm,https://www.sec.gov/Archives/edgar/data/30625/000003062512000005/fls1231201110k.htm
0,2011-12-31,FLS,2012-02-22 00:00:00,2012-02-22 16:07:42,Q4,1265400000,845400000,420000000,0.331911,0.0,232500000,0.0,-4174000.0,226699999.99999994,1072099999.9999999,36181000,30200000,246081000,0.194469,193400000,0.152837,-4200000.0,180200000,0.142406,54600000,125100000,0.098862,0.7491,0.7491,167000000,167000000,https://www.sec.gov/Archives/edgar/data/30625/000003062512000005/0000030625-12-000005-index.html,https://www.sec.gov/Archives/edgar/data/30625/000003062512000005/fls1231201110k.htm
0,2011-09-30,FLS,2011-10-27 00:00:00,2011-10-27 16:05:47,Q3,1121800000,745200000,376600000,0.33571,0.0,226000000,0.0,-6622000000,221699999.99999994,966899999.9999999,-8300000.0,26100000,157700000,0.140578,155000000,0.138171,-6600000.0,140000000,0.124799,32100000,107800000,0.096096,0.63976,0.63976,168500000,168500000,https://www.sec.gov/Archives/edgar/data/30625/000095012311092479/0000950123-11-092479-index.html,https://www.sec.gov/Archives/edgar/data/30625/000095012311092479/d84574e10vq.htm
0,2011-06-30,FLS,2011-07-27 00:00:00,2011-07-27 16:06:12,Q2,1125800000,756400000,369300000,0.328033,0.0,233000000,0.0,5986000000,229200000.00000006,985600000,-9100000.0,26200000,154000000,0.136792,140100000,0.124445,6000000.0,137000000,0.121691,38200000,98700000,0.087671,0.58506,0.58506,168700000,168700000,https://www.sec.gov/Archives/edgar/data/30625/000095012311068911/0000950123-11-068911-index.html,https://www.sec.gov/Archives/edgar/data/30625/000095012311068911/d82763e10vq.htm
0,2011-03-31,FLS,2011-04-27 00:00:00,2011-04-27 16:05:35,Q1,997200000,649500000,347700000,0.348676,0.0,222600000,0.0,8488000000,217500000,867000000,-8100000.0,25100000,147600000,0.148014,130300000,0.130666,8500000.0,130600000,0.130967,33600000,97000000,0.097272,0.57396,0.57396,169000000,169000000,https://www.sec.gov/Archives/edgar/data/30625/000095012311040030/0000950123-11-040030-index.html,https://www.sec.gov/Archives/edgar/data/30625/000095012311040030/d81290e10vq.htm
0,2010-12-31,FLS,2011-02-23,2011-02-23 16:07:09,Q4,1140400000,755800000,384500000,0.337162,0.0,224700000,0.0,-3090000.0,220600000.00000003,976400000,-8000000.0,32599999.999999993,177600000,0.155735,164000000,0.143809,-3100000.0,152900000,0.134076,40500000,112500000,0.09865,0.66607,0.66607,168900000,168900000,https://www.sec.gov/Archives/edgar/data/30625/000095012311017117/d78719e10vk.htm,https://www.sec.gov/Archives/edgar/data/30625/000095012311017117/d78719e10vk.htm
0,2010-09-30,FLS,2010-10-27 00:00:00,2010-10-27 16:23:20,Q3,971700000,638200000,333500000,0.343213,0.0,205600000,0.0,18578000000,204299999.99999994,842500000,-7800000.0,24700000.000000004,156500000,0.161058,129200000,0.132963,18600000,139900000,0.143974,35700000,103900000,0.106926,0.61407,0.61407,169200000,169200000,https://www.sec.gov/Archives/edgar/data/30625/000095012310096659/0000950123-10-096659-index.html,https://www.sec.gov/Archives/edgar/data/30625/000095012310096659/d76970e10vq.htm
0,2010-06-30,FLS,2010-07-28 00:00:00,2010-07-28 17:24:45,Q2,961100000,617700000,343400000,0.357299,0.0,200400000,0.0,-12304000000,197399999.99999997,815100000,-8300000.0,23499999.999999996,140400000,0.146083,146000000,0.151909,-12300000,125400000,0.130475,33600000,91600000,0.095307,0.54073,0.54073,169400000,169400000,https://www.sec.gov/Archives/edgar/data/30625/000095012310069148/0000950123-10-069148-index.html,https://www.sec.gov/Archives/edgar/data/30625/000095012310069148/d74437e10vq.htm
0,2010-03-31,FLS,2010-05-05 00:00:00,2010-05-05 16:33:27,Q1,958900000,610600000,348300000,0.363229,0.0,210700000,0.0,-21533000000,206100000.00000003,816700000,-8700000.0,23700000,127000000,0.132443,142200000,0.148295,-21500000,112000000,0.116801,31800000,80200000,0.083638,0.47316,0.47316,169500000,169500000,https://www.sec.gov/Archives/edgar/data/30625/000095012310044543/0000950123-10-044543-index.html,https://www.sec.gov/Archives/edgar/data/30625/000095012310044543/d72438e10vq.htm
0,2009-12-31,FLS,2010-02-24 00:00:00,2010-02-24 16:37:13,Q4,1199100000,790200000,408800000,0.340922,0.0,250500000,0.0,-5599000.0,246500000,1036700000,9846000.0,24699999.999999996,182846000,0.152486,162400000,0.135435,-5600000.0,148100000,0.123509,37900000,110400000,0.092069,0.65287,0.65287,169100000,169100000,https://www.sec.gov/Archives/edgar/data/30625/000095012310016384/0000950123-10-016384-index.html,https://www.sec.gov/Archives/edgar/data/30625/000095012310016384/d70823e10vk.htm
0,2009-09-30,FLS,2009-10-28 00:00:00,2009-10-28 16:18:07,Q3,1051100000,665900000,385200000,0.366473,0.0,224600000,0.0,6996000000,224000000,889900000,10119000000,23700000.000000004,10301600000,9.80078,161200000,0.153363,7000000.0,158600000,0.15089,42000000,116900000,0.111217,0.69131,0.69131,169100000,169100000,https://www.sec.gov/Archives/edgar/data/30625/000095012309054160/0000950123-09-054160-index.html,https://www.sec.gov/Archives/edgar/data/30625/000095012309054160/d68784e10vq.htm
0,2009-06-30,FLS,2009-07-29 00:00:00,2009-07-29 16:20:40,Q2,1090400000,704100000,386300000,0.354274,0.0,204600000,0.0,-70000000,227500000,931600000,9931000000,26599999.999999993,10106400000,9.268525,158800000,0.145635,-100000.0,149200000,0.136831,40600000,108200000,0.09923,0.63275,0.63275,171000000,171000000,https://www.sec.gov/Archives/edgar/data/30625/000095012309026987/0000950123-09-026987-index.html,https://www.sec.gov/Archives/edgar/data/30625/000095012309026987/d68552e10vq.htm
0,2009-03-31,FLS,2009-04-29 00:00:00,2009-04-29 16:10:07,Q1,1024700000,657000000,367800000,0.358934,0.0,221500000,0.0,-9295000000,220600000.00000003,877600000,10109000000,20500000,10257800000,10.01054,147100000,0.143554,-9300000.0,128800000,0.125695,36000000,92300000,0.090075,0.54615,0.54615,169000000,169000000,https://www.sec.gov/Archives/edgar/data/30625/000095013409008749/0000950134-09-008749-index.html,https://www.sec.gov/Archives/edgar/data/30625/000095013409008749/d67437e10vq.htm
0,2008-12-31,FLS,2009-02-25 00:00:00,2009-02-25 17:08:29,Q4,1169000000,757400000,411600000,0.352096,0.0,255100000,0.0,0.0,252000000,1009400000,12598000,19599999.999999993,192098000,0.164327,159500000,0.136441,11800000,160500000,0.137297,45500000,114400000,0.097861,0.67532,0.67532,169400000,169400000,https://www.sec.gov/Archives/edgar/data/30625/000095013409003726/0000950134-09-003726-index.html,https://www.sec.gov/Archives/edgar/data/30625/000095013409003726/d66474e10vk.htm
0,2008-09-30,FLS,2008-10-28 00:00:00,2008-10-28 16:02:38,Q3,1153600000,748700000,404900000,0.350988,0.0,243800000,0.0,0.0,240399999.99999997,989100000,13104000000,20400000,13268300000,11.501647,164500000,0.142597,-8700000.0,144900000,0.125607,26900000,117000000,0.101422,0.67865,0.67865,172400000,172400000,https://www.sec.gov/Archives/edgar/data/30625/000136231008006271/0001362310-08-006271-index.html,https://www.sec.gov/Archives/edgar/data/30625/000136231008006271/c76384e10vq.htm
0,2008-06-30,FLS,2008-07-30 00:00:00,2008-07-30 16:01:50,Q2,1157600000,739600000,418000000,0.361092,0.0,250200000,0.0,-16477000000,245699999.99999994,985299999.9999999,12733000000,20900000,12915000000,11.156704,172300000,0.148842,600000.0,161800000,0.139772,38200000,122900000,0.106168,0.70836,0.70836,173500000,173500000,https://www.sec.gov/Archives/edgar/data/30625/000136231008003950/0001362310-08-003950-index.html,https://www.sec.gov/Archives/edgar/data/30625/000136231008003950/c74120e10vq.htm
0,2008-03-31,FLS,2008-04-28 00:00:00,2008-04-28 16:58:37,Q1,993300000,647500000,345800000,0.348132,0.0,232500000,0.0,16477000000,226500000,874000000,12858000000,20600000,13003800000,13.091513,119300000,0.120105,16500000,125800000,0.126649,37100000,88100000,0.088694,0.50778,0.50778,173500000,173500000,https://www.sec.gov/Archives/edgar/data/30625/000136231008002199/0001362310-08-002199-index.html,https://www.sec.gov/Archives/edgar/data/30625/000136231008002199/c73030e10vq.htm
0,2007-12-31,FLS,2008-02-27,2008-02-27 16:52:48,Q4,1109400000,743100000,366300000,0.330178,0.0,233200000,0.0,6376000.0,229299999.99999994,972400000,14955000,21299999.999999996,164255000,0.148058,136900000,0.1234,4200000.0,128000000,0.115378,32100000,95900000,0.086443,0.55402,0.55402,173100000,173100000,https://www.sec.gov/Archives/edgar/data/30625/000095013408003592/d54035e10vk.htm,https://www.sec.gov/Archives/edgar/data/30625/000095013408003592/d54035e10vk.htm
0,2007-09-30,FLS,2007-11-01 00:00:00,2007-11-01 17:01:57,Q3,919200000,605700000,313600000,0.341166,0.0,210100000,0.0,0.0,205299999.99999994,811000000,15332000000,18700000.000000004,15445800000,16.803525,108200000,0.117711,1200000.0,95000000,0.103351,32000000,63100000,0.068647,0.3675,0.3675,171700000,171700000,https://www.sec.gov/Archives/edgar/data/30625/000136231007002637/0001362310-07-002637-index.html,https://www.sec.gov/Archives/edgar/data/30625/000136231007002637/c71403e10vq.htm
0,2007-06-30,FLS,2007-08-08 00:00:00,2007-08-08 17:07:00,Q2,930700000,628300000,302400000,0.324917,0.0,209500000,0.0,1402000000,205500000,833800000,15760000000,19000000,15863000000,17.04416,96900000,0.104115,2300000.0,84000000,0.090255,20800000,63200000,0.067906,0.36851,0.36851,171500000,171500000,https://www.sec.gov/Archives/edgar/data/30625/000095013407017354/0000950134-07-017354-index.html,https://www.sec.gov/Archives/edgar/data/30625/000095013407017354/d48212e10vq.htm
0,2007-03-31,FLS,2007-05-09 00:00:00,2007-05-09 16:53:00,Q1,803400000,537900000,265500000,0.330471,0.0,203600000,0.0,-1402000000,198100000.00000003,736000000,14072000000,18700000,14143700000,17.604805,67400000,0.083893,-1400000.0,53000000,0.06597,19400000,33600000,0.041822,0.19626,0.19626,171200000,171200000,https://www.sec.gov/Archives/edgar/data/30625/000095013407010900/0000950134-07-010900-index.html,https://www.sec.gov/Archives/edgar/data/30625/000095013407010900/d46447e10vq.htm
0,2006-12-31,FLS,2007-03-01,2007-03-01 17:09:50,Q4,883600000,596700000,286900000,0.324694,0.0,227300000,0.0,6432000.0,224299999.99999994,821000000,65688000,18400000,135988000,0.153902,62600000,0.070847,2700000.0,51800000,0.058624,18400000,33500000,0.037913,0.19602,0.19602,170900000,170900000,https://www.sec.gov/Archives/edgar/data/30625/000095013407004599/d42679e10vk.htm,https://www.sec.gov/Archives/edgar/data/30625/000095013407004599/d42679e10vk.htm
0,2006-09-30,FLS,2006-11-09,2006-11-09 16:07:20,Q3,770800000,521000000,249800000,0.324079,0.0,191300000,0.0,-1625000000,187899999.99999997,708900000,16386000000,18200000.000000004,16450300000,21.341853,61900000,0.080306,-1800000.0,45300000,0.05877,16800000,29300000,0.038012,0.17104,0.17104,171300000,171300000,https://www.sec.gov/Archives/edgar/data/30625/000095013406021088/d41126e10vq.htm,https://www.sec.gov/Archives/edgar/data/30625/000095013406021088/d41126e10vq.htm
0,2006-06-30,FLS,2006-09-29,2006-09-29 16:27:20,Q2,752900000,500300000,252600000,0.335503,0.0,183300000,0.0,4391000000,179200000,679500000,16259000000,17200000,16338800000,21.701156,73400000,0.09749,4400000.0,62600000,0.083145,29000000,33600000,0.044627,0.19344,0.19344,173700000,173700000,https://www.sec.gov/Archives/edgar/data/30625/000095013406018469/d38642e10vq.htm,https://www.sec.gov/Archives/edgar/data/30625/000095013406018469/d38642e10vq.htm
0,2006-03-31,FLS,2006-09-29,2006-09-29 16:24:50,Q1,653900000,435900000,218000000,0.333384,0.0,180700000,0.0,1133000000,176800000.00000006,612700000.0000001,15682000000,17200000,15726900000,24.050925,41100000,0.062854,1100000.0,27700000,0.042361,9100000.0,18600000,0.028445,0.10764,0.10764,172800000,172800000,https://www.sec.gov/Archives/edgar/data/30625/000095013406012442/d37184e10vk.htm,https://www.sec.gov/Archives/edgar/data/30625/000095013406012442/d37184e10vk.htm
0,2005-12-31,FLS,2006-06-30,2006-06-30 06:05:57,Q4,738500000,501700000,236800000,0.32065,0.0,183600000,0.0,-25000.0,183500000.00000006,685200000.0000001,15258000,16399999.999999994,58357999.99999999,0.079022,53300000,0.072173,-100000.0,38500000,0.052133,18900000,7800000.0,0.010562,0.0453,0.0453,172200000,172200000,https://www.sec.gov/Archives/edgar/data/30625/000095013406012442/d37184e10vk.htm,https://www.sec.gov/Archives/edgar/data/30625/000095013406012442/d37184e10vk.htm
0,2005-09-30,FLS,2006-07-27,2006-07-27 17:10:52,Q3,649500000,438300000,211200000,0.325173,0.0,156400000,0.0,253000000,184200000,622500000,18971000000,16800000.000000004,18982300000,29.22602,27000000,0.04157,400000.0,9700000.0,0.014935,4500000.0,-10000000,-0.015396,-0.059,-0.059,169500000,169500000,https://www.sec.gov/Archives/edgar/data/30625/000095013406014063/d38002e10vq.htm,https://www.sec.gov/Archives/edgar/data/30625/000095013406014063/d38002e10vq.htm
0,2005-06-30,FLS,2006-07-27,2006-07-27 17:09:30,Q2,691200000,468500000,222700000,0.322193,0.0,166400000,0.0,-5866000000,166399999.99999997,634900000,19861000000,17400000,19909000000,28.80353,56300000,0.081453,-5900000.0,31200000,0.045139,12600000,18000000,0.026042,0.10594,0.10594,169900000,169900000,https://www.sec.gov/Archives/edgar/data/30625/000095013406014062/d38001e10vq.htm,https://www.sec.gov/Archives/edgar/data/30625/000095013406014062/d38001e10vq.htm
0,2005-03-31,FLS,2006-07-27,2006-07-27 17:06:09,Q1,616100000,425000000,191100000,0.310177,0.0,165300000,0.0,-2713000000,165299999.99999994,590300000,20035000000,19200000,20051200000,32.545366,25800000,0.041876,-2700000.0,3900000.0,0.00633,1000000.0,-4000000.0,-0.006492,-0.02371,-0.02371,168700000,168700000,https://www.sec.gov/Archives/edgar/data/30625/000095013406002644/d26473e10vk.htm,https://www.sec.gov/Archives/edgar/data/30625/000095013406002644/d26473e10vk.htm
0,2004-12-31,FLS,2006-02-13,2006-02-13 16:33:17,Q4,703700000,499300000,204400000,0.290465,0.0,168600000,0.0,-14375000,170300000,669600000,81016000,18499999.999999996,109516000,0.155629,34100000,0.048458,-5200000.0,9800000.0,0.013926,5600000.0,4400000.0,0.006253,0.02624,0.02624,167700000,167700000,https://www.sec.gov/Archives/edgar/data/30625/000095013406002644/d26473e10vk.htm,https://www.sec.gov/Archives/edgar/data/30625/000095013406002644/d26473e10vk.htm
0,2004-09-30,FLS,2006-04-26,2006-04-26 17:26:33,Q3,623400000,434000000,189500000,0.303978,0.0,146300000,0.0,-4107000000,147200000.00000006,581200000,21161000000,18300000.000000004,21196300000,34.001123,42200000,0.067693,-4000000.0,17800000,0.028553,10600000,6400000.0,0.010266,0.03828,0.03828,167200000,167200000,https://www.sec.gov/Archives/edgar/data/30625/000095013406008002/d35341e10vq.htm,https://www.sec.gov/Archives/edgar/data/30625/000095013406008002/d35341e10vq.htm
0,2004-06-30,FLS,2006-04-26,2006-04-26 17:25:36,Q2,618300000,426600000,191700000,0.310044,0.0,148800000,0.0,-4217000000,148699999.99999994,575299999.9999999,39827000000,18299999.999999996,39867200000,64.478732,42900000,0.069384,-1000000.0,22600000,0.036552,15600000,6300000.0,0.010189,0.03782,0.03782,166600000,166600000,https://www.sec.gov/Archives/edgar/data/30625/000095013406008001/d35340e10vq.htm,https://www.sec.gov/Archives/edgar/data/30625/000095013406008001/d35340e10vq.htm
0,2004-03-31,FLS,2004-07-08,2004-07-08 17:29:26,Q1,577100000,404100000,173000000,0.299775,0.0,133500000,0.0,-592000000,133500000,537600000,-19700000,18100000,14100000,0.024433,39500000,0.068446,-3800000.0,16000000,0.027725,8600000.0,7100000.0,0.012303,0.04269,0.04269,166300000,166300000,https://www.sec.gov/Archives/edgar/data/30625/000104746904013685/a2132200z10-k.htm,https://www.sec.gov/Archives/edgar/data/30625/000104746904013685/a2132200z10-k.htm
0,2003-12-31,FLS,2004-04-27,2004-04-27 11:38:23,Q4,628700000,446500000,182300000,0.289963,0.0,150400000,0.0,-5002000.0,155600000.00000003,602100000,103358000,19000000,128658000,0.204641,26700000,0.042469,-1800000.0,4900000.0,0.007794,-4800000.0,11100000,0.017655,0.06715,0.06715,165300000,165300000,https://www.sec.gov/Archives/edgar/data/30625/000104746904013685/a2132200z10-k.htm,https://www.sec.gov/Archives/edgar/data/30625/000104746904013685/a2132200z10-k.htm
0,2003-09-30,FLS,2003-11-10,2003-11-10 10:07:13,Q3,556000000,387300000,168700000,0.303417,0.0,131900000,0.0,412000.0,136099999.99999997,523399999.99999994,-19152000,17800000,10548000,0.018971,32600000,0.058633,-1400000.0,12100000,0.021763,2000000.0,9900000.0,0.017806,0.0596,0.0596,166100000,166100000,https://www.sec.gov/Archives/edgar/data/30625/000104746903036588/a2122200z10-q.htm,https://www.sec.gov/Archives/edgar/data/30625/000104746903036588/a2122200z10-q.htm
0,2003-06-30,FLS,2003-08-14,2003-08-14 07:04:08,Q2,608200000,426800000,181400000,0.298257,0.0,128200000,0.0,906000.0,135200000,562000000,-456000.0,17400000.000000004,40144000,0.066005,46200000,0.075962,-2600000.0,22900000,0.037652,8500000.0,14700000,0.02417,0.08861,0.08861,165900000,165900000,https://www.sec.gov/Archives/edgar/data/30625/000104746903027556/a2116730z10-q.htm,https://www.sec.gov/Archives/edgar/data/30625/000104746903027556/a2116730z10-q.htm
0,2003-03-31,FLS,2003-05-12,2003-05-09 17:40:09,Q1,557200000,389800000,167400000,0.300431,0.0,128900000,0.0,768000.0,136499999.99999994,526299999.99999994,-20247000,17900000.000000004,6953000.000000002,0.012478,30900000,0.055456,-1600000.0,9000000.0,0.016152,4000000.0,5300000.0,0.009512,0.03199,0.03199,165700000,165700000,https://www.sec.gov/Archives/edgar/data/30625/000104746903017786/a2110772z10-q.htm,https://www.sec.gov/Archives/edgar/data/30625/000104746903017786/a2110772z10-q.htm
0,2002-12-31,FLS,,,Q4,601500000,429300000,172200000,0.286284,0.0,128600000,0.0,0.0,127699999.99999999,557000000,-23400000,16599999.999999994,18599999.999999993,0.030923,44600000,0.074148,2200000.0,23300000,0.038736,12100000,13300000,0.022111,0.08046,0.08046,165300000,165300000,,
0,2002-09-30,FLS,2002-11-14 00:00:00,2002-11-14 09:45:39,Q3,586700000,411200000,175500000,0.299131,0.0,127500000,0.0,0.0,136500000.00000006,547700000.0000001,-23800000,18100000,8600000.0,0.014658,39000000,0.066473,-800000.0,14400000,0.024544,5000000.0,9300000.0,0.015851,0.05609,0.05609,165800000,165800000,https://www.sec.gov/Archives/edgar/data/30625/000095013402014265/0000950134-02-014265-index.html,https://www.sec.gov/Archives/edgar/data/30625/000095013402014265/d01137e10vq.txt
0,2002-06-30,FLS,2002-08-14 00:00:00,2002-08-14 17:22:19,Q2,592700000,410700000,182000000,0.307069,0.0,122000000,0.0,0.0,134400000.00000003,545100000,-23900000,16800000,14900000,0.025139,47600000,0.08031,-1600000.0,22100000,0.037287,7700000.0,14300000,0.024127,0.09051,0.09051,158000000,158000000,https://www.sec.gov/Archives/edgar/data/30625/000095013402010101/0000950134-02-010101-index.html,https://www.sec.gov/Archives/edgar/data/30625/000095013402010101/d99054e10vq.txt
0,2002-03-31,FLS,2002-05-15 00:00:00,2002-05-15 16:09:29,Q1,447100000,310500000,136500000,0.305301,0.0,100200000,0.0,0.0,100199999.99999999,410700000,-21800000,13000000,5000000.0,0.011183,36400000,0.081414,-700000.0,13800000,0.030866,4800000.0,9000000.0,0.02013,0.0655,0.0655,137400000,137400000,https://www.sec.gov/Archives/edgar/data/30625/000095013402005744/0000950134-02-005744-index.html,https://www.sec.gov/Archives/edgar/data/30625/000095013402005744/d96969e10-q.txt
0,2001-12-31,FLS,,,Q4,539300000,370300000,169000000,0.313369,0.0,105900000,0.0,0.0,117899999.99999999,488200000,-26600000,18100000,-600000.0,-0.001113,51100000,0.094752,1300000.0,25800000,0.04784,9300000.0,-1400000.0,-0.002596,-0.01119,-0.01119,125100000,125100000,,
0,2001-09-30,FLS,2001-11-02 00:00:00,2001-11-02 00:00:00,Q3,469600000,317300000,152300000,0.324319,0.0,101000000,0.0,0.0,114699999.99999999,432000000,-28300000,18400000,-800000.0,-0.001704,37600000,0.080068,-100000.0,9100000.0,0.019378,3300000.0,5800000.0,0.012351,0.04996,0.04996,116100000,116100000,https://www.sec.gov/Archives/edgar/data/30625/000095013401507883/0000950134-01-507883-index.html,https://www.sec.gov/Archives/edgar/data/30625/000095013401507883/d91791e10-q.txt
0,2001-06-30,FLS,2001-08-14 00:00:00,2001-08-14 00:00:00,Q2,464600000,308900000,155700000,0.335127,0.0,103600000,0.0,0.0,120500000,429400000,-31400000,18500000,-8800000.0,-0.018941,35200000,0.075764,300000.0,4100000.0,0.008825,1500000.0,2600000.0,0.005596,0.02234,0.02234,116400000,116400000,https://www.sec.gov/Archives/edgar/data/30625/000095013401505383/0000950134-01-505383-index.html,https://www.sec.gov/Archives/edgar/data/30625/000095013401505383/d89895e10-q.txt
0,2001-03-31,FLS,2001-05-09 00:00:00,2001-05-09 00:00:00,Q1,444000000,306500000,137600000,0.30991,0.0,100100000,0.0,0.0,119199999.99999999,425700000,-31800000,18900000,-26200000,-0.059009,18300000,0.041216,100000.0,-13300000,-0.029955,-4800000.0,-8500000.0,-0.019144,-0.07417,-0.07417,114600000,114600000,https://www.sec.gov/Archives/edgar/data/30625/000095013401501325/0000950134-01-501325-index.html,https://www.sec.gov/Archives/edgar/data/30625/000095013401501325/d86966e10-q.txt
0,2000-12-31,FLS,,,Q4,541700000,367300000,174400000,0.321949,0.0,109900000,0.0,0.0,136899999.99999997,504200000,-34000000,22700000.000000004,-8499999.999999996,-0.015691,37500000,0.069227,-700000.0,2800000.0,0.005169,1100000.0,1700000.0,0.003138,0.01627,0.01627,104500000,104500000,,
0,2000-09-30,FLS,2000-11-14 00:00:00,2000-11-14 00:00:00,Q3,412100000,282000000,130100000,0.3157,0.0,95900000,0.0,0.0,123399999.99999999,405400000,-23400000,13999999.999999998,-28500000.000000004,-0.069158,6700000.0,0.016258,-300000.0,-17000000,-0.041252,-6100000.0,-13000000,-0.031546,-0.11464,-0.11464,113400000,113400000,https://www.sec.gov/Archives/edgar/data/30625/000095013400009774/0000950134-00-009774-index.html,https://www.sec.gov/Archives/edgar/data/30625/000095013400009774/d81852e10-q.txt
0,2000-06-30,FLS,2000-08-11 00:00:00,2000-08-11 00:00:00,Q2,299200000,196000000,103200000,0.34492,0.0,76800000,0.0,0.0,76800000.00000001,272800000,-6700000.0,9800000.0,22300000,0.074532,26400000,0.088235,-400000.0,19300000,0.064505,6600000.0,12600000,0.042112,0.11111,0.11111,113400000,113400000,https://www.sec.gov/Archives/edgar/data/30625/000095013400006777/0000950134-00-006777-index.html,https://www.sec.gov/Archives/edgar/data/30625/000095013400006777/e10-q.txt
0,2000-03-31,FLS,2000-05-12 00:00:00,2000-05-12 00:00:00,Q1,285300000,186100000,99200000,0.347704,0.0,77800000,0.0,0.0,77799999.99999999,263899999.99999997,-6200000.0,10600000,22600000,0.079215,21400000,0.075009,2900000.0,18100000,0.063442,6300000.0,11900000,0.04171,0.10494,0.10494,113400000,113400000,https://www.sec.gov/Archives/edgar/data/30625/000095013400004348/0000950134-00-004348-index.html,https://www.sec.gov/Archives/edgar/data/30625/0000950134-00-004348.txt
0,1999-12-31,FLS,,,Q4,262700000,178400000,84400000,0.321279,6500000.0,72900000,0.0,0.0,98600000,277000000,-3900000.0,12700000,-9000000.0,-0.03426,-14300000,-0.054435,500000.0,-17700000,-0.067377,-6200000.0,-11600000,-0.044157,-0.10302,-0.10302,112600000,112600000,,
0,1999-09-30,FLS,1999-11-12 00:00:00,1999-11-12 00:00:00,Q3,254000000,165700000,88300000,0.347638,5900000.0,69700000,0.0,0.0,78500000,244200000,-3600000.0,5700000.000000001,9500000.000000002,0.037402,9700000.0,0.038189,1200000.0,7400000.0,0.029134,2500000.0,4900000.0,0.019291,0.04329,0.04329,113200000,113200000,https://www.sec.gov/Archives/edgar/data/30625/000095013499009884/0000950134-99-009884-index.html,https://www.sec.gov/Archives/edgar/data/30625/0000950134-99-009884.txt
0,1999-06-30,FLS,1999-08-13 00:00:00,1999-08-13 00:00:00,Q2,275200000,181300000,93900000,0.341206,6300000.0,66200000,0.0,0.0,76899999.99999999,258199999.99999997,-4100000.0,10799999.999999998,19600000,0.071221,17000000,0.061773,0.0,12800000,0.046512,4400000.0,8500000.0,0.030887,0.07502,0.07502,113300000,113300000,https://www.sec.gov/Archives/edgar/data/30625/000095013499007363/0000950134-99-007363-index.html,https://www.sec.gov/Archives/edgar/data/30625/0000950134-99-007363.txt
0,1999-03-31,FLS,1999-05-12 00:00:00,1999-05-12 00:00:00,Q1,269400000,172600000,96800000,0.359317,6900000.0,67100000,0.0,0.0,77400000,250000000,-3100000.0,10400000,23100000,0.085746,19400000,0.072012,-500000.0,15800000,0.058649,5400000.0,10400000,0.038604,0.0922,0.0922,112800000,112800000,https://www.sec.gov/Archives/edgar/data/30625/000095013499003892/0000950134-99-003892-index.html,https://www.sec.gov/Archives/edgar/data/30625/0000950134-99-003892.txt
0,1998-12-31,FLS,,,Q4,279300000,170700000,108600000,0.388829,7500000.0,70900000,0.0,0.0,93100000.00000001,263800000.00000003,-3300000.0,13100000,23100000,0.082707,15500000,0.055496,-1300000.0,10900000,0.039026,3700000.0,9600000.0,0.034372,0.08914,0.08914,107700000,107700000,,
0,1998-09-30,FLS,1998-11-16 00:00:00,1998-11-16 00:00:00,Q3,264800000,165200000,99600000,0.376133,6400000.0,63100000,0.0,0.0,73700000.00000001,238900000.00000003,-3100000.0,5600000.000000002,24200000.000000004,0.09139,25900000,0.09781,200000.0,23000000,0.086858,8000000.0,13700000,0.051737,0.11276,0.11276,121500000,121500000,https://www.sec.gov/Archives/edgar/data/30625/000095013498008979/0000950134-98-008979-index.html,https://www.sec.gov/Archives/edgar/data/30625/0000950134-98-008979.txt
0,1998-06-30,FLS,1998-08-13 00:00:00,1998-08-13 00:00:00,Q2,280700000,174700000,106000000,0.377627,5100000.0,67300000,0.0,0.0,84400000.00000003,259100000.00000003,-3600000.0,10799999.999999998,26300000,0.093694,21700000,0.077307,1100000.0,19200000,0.0684,6700000.0,12400000,0.044175,0.10139,0.10139,122300000,122300000,https://www.sec.gov/Archives/edgar/data/30625/000095013498006822/0000950134-98-006822-index.html,https://www.sec.gov/Archives/edgar/data/30625/0000950134-98-006822.txt
0,1998-03-31,FLS,1998-05-15 00:00:00,1998-05-15 00:00:00,Q1,258300000,157100000,101200000,0.391792,7400000.0,64200000,0.0,0.0,79200000.00000001,236300000.00000003,-3100000.0,9800000.0,26900000,0.104142,22000000,0.085172,1300000.0,20200000,0.078204,7100000.0,13100000,0.050716,0.10642,0.10642,123100000,123100000,https://www.sec.gov/Archives/edgar/data/30625/000095013498004440/0000950134-98-004440-index.html,https://www.sec.gov/Archives/edgar/data/30625/0000950134-98-004440.txt
0,1997-12-31,FLS,,,Q4,307200000,191100000,116100000,0.37793,7300000.0,71500000,0.0,0.0,120200000.00000001,311300000,-3700000.0,10999999.999999996,13999999.999999996,0.045573,-4100000.0,-0.013346,14400000,6700000.0,0.02181,3900000.0,2800000.0,0.009115,0.02282,0.02282,122700000,122700000,,
0,1997-09-30,FLS,1997-11-14 00:00:00,1997-11-14 00:00:00,Q3,281800000,174400000,107400000,0.381121,6500000.0,71500000,0.0,0.0,88200000.00000001,262600000.00000003,-2700000.0,9399999.999999998,23700000,0.084102,19200000,0.068133,400000.0,17000000,0.060326,9900000.0,7100000.0,0.025195,0.05749,0.05749,123500000,123500000,https://www.sec.gov/Archives/edgar/data/30625/000095015297008101/0000950152-97-008101-index.html,https://www.sec.gov/Archives/edgar/data/30625/0000950152-97-008101.txt
0,1997-06-30,FLS,1997-08-14 00:00:00,1997-08-14 00:00:00,Q2,300700000,179400000,121200000,0.40306,6600000.0,74400000,0.0,0.0,81100000,260500000,-3600000.0,9500000.000000002,45400000,0.150981,40200000,0.133688,2800000.0,39400000,0.131028,14600000,24900000,0.082807,0.2036,0.2036,122300000,122300000,https://www.sec.gov/Archives/edgar/data/30625/000095015297006074/0000950152-97-006074-index.html,https://www.sec.gov/Archives/edgar/data/30625/0000950152-97-006074.txt
0,1997-03-31,FLS,1997-05-08 00:00:00,1997-05-08 00:00:00,Q1,262500000,158400000,104100000,0.396571,6400000.0,68500000,0.0,0.0,74900000,233300000,-3300000.0,9100000.0,32500000,0.12381,29200000,0.111238,800000.0,26700000,0.101714,9900000.0,16800000,0.064,0.1377,0.1377,122000000,122000000,https://www.sec.gov/Archives/edgar/data/30625/000095015297003668/0000950152-97-003668-index.html,https://www.sec.gov/Archives/edgar/data/30625/0000950152-97-003668.txt
0,1996-12-31,FLS,,,Q4,284700000,177800000,106900000,0.375483,8800000.0,77300000,0.0,-5700000.0,80300000.00000001,258100000,-2300000.0,36700000,63900000,0.224447,26500000,0.09308,5200000.0,29500000,0.103618,8700000.0,20800000,0.073059,0.16761,0.16761,124100000,124100000,,
0,1996-09-30,FLS,1996-11-14 00:00:00,1996-11-14 00:00:00,Q3,271000000,165100000,105900000,0.390775,4800000.0,67700000,0.0,1900000.0,74400000,239500000,-3300000.0,-10200000,14700000,0.054244,31500000,0.116236,0.0,28200000,0.104059,10000000,18200000,0.067159,0.14583,0.14583,124800000,124800000,https://www.sec.gov/Archives/edgar/data/30625/000095015296006159/0000950152-96-006159-index.html,https://www.sec.gov/Archives/edgar/data/30625/0000950152-96-006159.txt
0,1996-06-30,FLS,1996-08-13 00:00:00,1996-08-13 00:00:00,Q2,392800000,236600000,156200000,0.397658,6700000.0,101900000,0.0,2100000.0,116400000,353000000,-5200000.0,4999999.999999999,34400000,0.087576,39800000,0.101324,0.0,34600000,0.088086,12600000,22000000,0.056008,0.29491,0.29491,74600000,74600000,https://www.sec.gov/Archives/edgar/data/30625/000095015296004060/0000950152-96-004060-index.html,https://www.sec.gov/Archives/edgar/data/30625/0000950152-96-004060.txt
0,1996-03-31,FLS,1996-05-14 00:00:00,1996-05-14 00:00:00,Q1,149200000,89300000,59900000,0.401475,4300000.0,36500000,0.0,1700000.0,42399999.99999999,131699999.99999999,-1400000.0,5200000.0,19800000,0.132708,17400000,0.116622,0.0,16100000,0.107909,5900000.0,10100000,0.067694,0.13575,0.13575,74400000,74400000,https://www.sec.gov/Archives/edgar/data/30625/000095015296002433/0000950152-96-002433-index.html,https://www.sec.gov/Archives/edgar/data/30625/0000950152-96-002433.txt
0,1995-12-31,FLS,,,Q4,146100000,85700000,60400000,0.413415,3800000.0,38200000,0.0,1300000.0,48300000,134000000,-1400000.0,20200000.000000004,29400000.000000004,0.201232,12100000,0.08282,0.0,10700000,0.073238,4700000.0,5900000.0,0.040383,0.07951,0.07951,74200000,74200000,,
0,1995-09-30,FLS,1995-11-09 00:00:00,1995-11-09 00:00:00,Q3,132900000,80700000,52300000,0.393529,3800000.0,34000000,0.0,-1100000.0,36700000,117400000,-1300000.0,4799999.999999999,17700000,0.133183,15600000,0.117381,0.0,14300000,0.1076,5200000.0,9000000.0,0.06772,0.12129,0.12129,74200000,74200000,https://www.sec.gov/Archives/edgar/data/30625/000095015295002535/0000950152-95-002535-index.html,https://www.sec.gov/Archives/edgar/data/30625/0000950152-95-002535.txt
0,1995-06-30,FLS,1995-08-03 00:00:00,1995-08-03 00:00:00,Q2,131100000,78500000,52600000,0.40122,3600000.0,33600000,0.0,1400000.0,38599999.99999999,117100000,-1100000.0,4800000.000000001,16600000.000000002,0.126621,14000000,0.106789,0.0,12900000,0.098398,4900000.0,8000000.0,0.061022,0.10724,0.10724,74600000,74600000,https://www.sec.gov/Archives/edgar/data/30625/000095015295001655/0000950152-95-001655-index.html,https://www.sec.gov/Archives/edgar/data/30625/0000950152-95-001655.txt
0,1995-03-31,FLS,1995-05-12 00:00:00,1995-05-12 00:00:00,Q1,122700000,72500000,50200000,0.409128,3700000.0,31600000,0.0,1300000.0,36500000,109000000,-1300000.0,4600000.0,15600000,0.127139,13600000,0.110839,0.0,12300000,0.100244,4600000.0,7700000.0,0.062755,0.10462,0.10462,73600000,73600000,https://www.sec.gov/Archives/edgar/data/30625/000095015295000991/0000950152-95-000991-index.html,https://www.sec.gov/Archives/edgar/data/30625/0000950152-95-000991.txt
0,1994-12-31,FLS,1995-02-24 00:00:00,1995-02-24 00:00:00,Q4,89900000,56400000,33500000,0.372636,2500000.0,22400000,0.0,300000.0,25100000,81500000,-1200000.0,8100000.000000001,14100000.000000002,0.156841,8400000.0,0.093437,0.0,7100000.0,0.078977,2400000.0,4800000.0,0.053393,0.08362,0.08362,57400000,57400000,https://www.sec.gov/Archives/edgar/data/30625/000095015295000230/0000950152-95-000230-index.html,https://www.sec.gov/Archives/edgar/data/30625/0000950152-95-000230.txt
0,1994-09-30,FLS,1994-11-04 00:00:00,1994-11-04 00:00:00,Q3,91800000,58100000,33700000,0.367102,2300000.0,22100000,0.0,800000.0,25199999.999999996,83300000,-1100000.0,3399999.9999999995,9700000.0,0.105664,8500000.0,0.092593,0.0,7400000.0,0.08061,2800000.0,4600000.0,0.050109,0.08014,0.08014,57400000,57400000,https://www.sec.gov/Archives/edgar/data/30625/000095015294001093/0000950152-94-001093-index.html,https://www.sec.gov/Archives/edgar/data/30625/0000950152-94-001093.txt
0,1994-06-30,FLS,1994-08-15 00:00:00,1994-08-15 00:00:00,Q2,85800000,54300000,31500000,0.367133,2400000.0,21000000,0.0,500000.0,24000000,78300000,-1100000.0,3500000.0,8800000.0,0.102564,7500000.0,0.087413,0.0,6400000.0,0.074592,2400000.0,4000000.0,0.04662,0.06969,0.06969,57400000,57400000,https://www.sec.gov/Archives/edgar/data/30625/000095015294000833/0000950152-94-000833-index.html,https://www.sec.gov/Archives/edgar/data/30625/0000950152-94-000833.txt
0,1994-03-31,FLS,1994-05-13 00:00:00,1994-05-13 00:00:00,Q1,78000000,48500000,29400000,0.376923,2400000.0,19800000,0.0,300000.0,22500000,71000000,-900000.0,3300000.0,8500000.0,0.108974,7000000.0,0.089744,0.0,6100000.0,0.078205,2300000.0,3800000.0,0.048718,0.06609,0.06609,57500000,57500000,https://www.sec.gov/Archives/edgar/data/30625/000095015294000532/0000950152-94-000532-index.html,https://www.sec.gov/Archives/edgar/data/30625/0000950152-94-000532.txt
