,date,symbol,fillingDate,acceptedDate,period,revenue,costOfRevenue,grossProfit,grossProfitRatio,researchAndDevelopmentExpenses,generalAndAdministrativeExpenses,sellingAndMarketingExpenses,otherExpenses,operatingExpenses,costAndExpenses,interestExpense,depreciationAndAmortization,ebitda,ebitdaratio,operatingIncome,operatingIncomeRatio,totalOtherIncomeExpensesNet,incomeBeforeTax,incomeBeforeTaxRatio,incomeTaxExpense,netIncome,netIncomeRatio,eps,epsdiluted,weightedAverageShsOut,weightedAverageShsOutDil,link,finalLink
0,2020-09-30,APT,2020-11-06,2020-11-06 15:13:30,Q3,30027000,14891000,15136000,0.5040796616378592,0.0,4580000.0,0.0,0.0,0.0,19657000,0.0,0.0,10580000,0.35234955206980384,10370000,0.35291570919505777,226000.0,10597000,0.35291570919505777,2490000.0,8107000.0,0.26999034202551037,0.6,0.58,13588554,14033027,https://www.sec.gov/Archives/edgar/data/884269/000143774920022980/0001437749-20-022980-index.htm,https://www.sec.gov/Archives/edgar/data/884269/000143774920022980/apt20200930_10q.htm
0,2020-06-30,APT,2020-08-06,2020-08-06 16:58:45,Q2,25500000,12887000,12613000,0.4946274509803922,0.0,4553000.0,0.0,0.0,0.0,17618000,0.0,0.0,8019000.0,0.3144705882352941,7882000.0,0.3153725490196078,160000.0,8042000.0,0.3153725490196078,1822000.0,6220000.0,0.24392156862745099,0.47,0.46,13351675,13651995,https://www.sec.gov/Archives/edgar/data/884269/000143774920016898/0001437749-20-016898-index.htm,https://www.sec.gov/Archives/edgar/data/884269/000143774920016898/apt20200630_10q.htm
0,2020-03-31,APT,2020-05-07,2020-05-07 14:29:31,Q1,18154000,9600000.0,8554000.0,0.4711909221108296,0.0,4102000.0,0.0,0.0,0.0,13884000,0.0,0.0,4511000.0,0.24848518232896333,4270000.0,0.23763357937644597,28000.0,4314000.0,0.23763357937644597,-1028000.0,5342000.0,0.29426021813374464,0.41,0.39,13121867,13664710,https://www.sec.gov/Archives/edgar/data/884269/000143774920009788/0001437749-20-009788-index.htm,https://www.sec.gov/Archives/edgar/data/884269/000143774920004678/apt20191231_10k.htm
0,2019-12-31,APT,2020-03-10,2020-03-10 15:17:15,Q4,10920000,7077000.0,3843000.0,0.35192307692307695,0.0,3240000.0,0.0,0.0,0.0,10509000,0.0,0.0,595000.0,0.05448717948717949,411000.0,0.03873626373626374,-4000.0,423000.0,0.03873626373626374,88000.0,335000.0,0.030677655677655676,0.03,0.03,12944867,12985847,https://www.sec.gov/Archives/edgar/data/884269/000143774920004678/0001437749-20-004678-index.htm,https://www.sec.gov/Archives/edgar/data/884269/000143774920004678/apt20191231_10k.htm
0,2019-09-30,APT,2019-11-06,2019-11-06 11:52:02,Q3,12027000,7807000.0,4220000.0,0.3508771929824561,0.0,3172000.0,0.0,0.0,0.0,11121000,0.0,0.0,1436000.0,0.11939802111914859,906000.0,0.04548100108090131,-377000.0,547000.0,0.04548100108090131,110000.0,437000.0,0.036334913112164295,0.03,0.03,13056173,13075692,https://www.sec.gov/Archives/edgar/data/884269/000143774919021693/0001437749-19-021693-index.htm,https://www.sec.gov/Archives/edgar/data/884269/000143774919021693/apt20190930_10q.htm
0,2019-06-30,APT,2019-08-06,2019-08-06 13:00:15,Q2,11415000,7309000.0,4106000.0,0.35970214629872976,0.0,3262000.0,0.0,0.0,0.0,10711000,0.0,0.0,405000.0,0.035479632063074903,704000.0,0.10932982917214192,523000.0,1248000.0,0.10932982917214192,238000.0,1010000.0,0.08848007008322382,0.08,0.08,13184321,13208138,https://www.sec.gov/Archives/edgar/data/884269/000143774919015585/0001437749-19-015585-index.htm,https://www.sec.gov/Archives/edgar/data/884269/000143774919015585/apt20190630_10q.htm
0,2019-03-31,APT,2019-05-07,2019-05-07 11:06:28,Q1,12304000,7500000.0,4804000.0,0.39044213263979194,0.0,3675000.0,0.0,0.0,0.0,11302000,0.0,0.0,959000.0,0.07794213263979194,1002000.0,0.11874187256176853,447000.0,1461000.0,0.11874187256176853,243000.0,1218000.0,0.09899219765929779,0.09,0.09,13391992,13469497,https://www.sec.gov/Archives/edgar/data/884269/000143774919008927/0001437749-19-008927-index.htm,https://www.sec.gov/Archives/edgar/data/884269/000143774919004169/apt20181231_10k.htm
0,2018-12-31,APT,2019-03-06,2019-03-06 09:30:34,Q4,10969000,7017000.0,3952000.0,0.36028808460206035,0.0,3288000.0,0.0,0.0,0.0,10400000,0.0,0.0,674000.0,0.061445892971100376,569000.0,0.0687391740359194,184000.0,754000.0,0.0687391740359194,136000.0,618000.0,0.05634059622572705,0.05,0.05,13548170,13623714,https://www.sec.gov/Archives/edgar/data/884269/000143774919004169/0001437749-19-004169-index.htm,https://www.sec.gov/Archives/edgar/data/884269/000143774919004169/apt20181231_10k.htm
0,2018-09-30,APT,2018-11-06,2018-11-06 10:03:21,Q3,12104000,7519000.0,4585000.0,0.37880039656311965,0.0,2676000.0,0.0,0.0,0.0,10335000,0.0,0.0,1884000.0,0.1556510244547257,1769000.0,0.1568076668869795,128000.0,1898000.0,0.1568076668869795,359000.0,1539000.0,0.1271480502313285,0.11,0.11,13795007,13853619,https://www.sec.gov/Archives/edgar/data/884269/000143774918019606/0001437749-18-019606-index.htm,https://www.sec.gov/Archives/edgar/data/884269/000143774918019606/apt20180930_10q.htm
0,2018-06-30,APT,2018-08-03,2018-08-03 11:42:14,Q2,12109000,7390000.0,4719000.0,0.3897101329589561,0.0,3468000.0,0.0,0.0,0.0,11002000,0.0,0.0,1348000.0,0.1113221570732513,1107000.0,0.09596168139400446,54000.0,1162000.0,0.09596168139400446,203000.0,959000.0,0.07919729127095548,0.07,0.07,14086277,14127934,https://www.sec.gov/Archives/edgar/data/884269/000143774918014396/0001437749-18-014396-index.htm,https://www.sec.gov/Archives/edgar/data/884269/000143774918014396/apt20180630_10q.htm
0,2018-03-31,APT,2018-05-09,2018-05-09 13:05:07,Q1,11442000,6987000.0,4455000.0,0.3893550078657577,0.0,3881000.0,0.0,0.0,0.0,11014000,0.0,0.0,542000.0,0.04736934102429645,428000.0,0.05243838489774515,171000.0,600000.0,0.05243838489774515,92000.0,508000.0,0.04439783254675756,0.04,0.04,14217919,14383005,https://www.sec.gov/Archives/edgar/data/884269/000143774918009168/0001437749-18-009168-index.htm,https://www.sec.gov/Archives/edgar/data/884269/000143774918004389/apt20171231_10k.htm
0,2017-12-31,APT,2018-03-12,2018-03-12 12:01:27,Q4,9943000.0,5984000.0,3959000.0,0.39816956652921653,0.0,3686000.0,0.0,0.0,0.0,9815000.0,0.0,0.0,273000.0,0.027456502061751986,128000.0,0.014583123805692447,16000.0,145000.0,0.014583123805692447,-31000.0,176000.0,0.017700895102081865,0.01,0.01,14419049,14704296,https://www.sec.gov/Archives/edgar/data/884269/000143774918004389/0001437749-18-004389-index.htm,https://www.sec.gov/Archives/edgar/data/884269/000143774918004389/apt20171231_10k.htm
0,2017-09-30,APT,2017-11-08,2017-11-08 12:09:52,Q3,12049000,7337000.0,4712000.0,0.39106979832351235,0.0,3450000.0,0.0,0.0,0.0,10934000,0.0,0.0,877000.0,0.07278612332973691,1115000.0,0.13328906963233464,490000.0,1606000.0,0.13328906963233464,503000.0,1103000.0,0.09154286662793593,0.07,0.07,14732173,14933426,https://www.sec.gov/Archives/edgar/data/884269/000143774917018632/0001437749-17-018632-index.htm,https://www.sec.gov/Archives/edgar/data/884269/000143774917018632/apt20170930_10q.htm
0,2017-06-30,APT,2017-08-03,2017-08-03 10:30:07,Q2,11282000,6795000.0,4487000.0,0.3977131714235065,0.0,3346000.0,0.0,0.0,0.0,10266000,0.0,0.0,1141000.0,0.1011345506115937,1016000.0,0.10157773444424747,129000.0,1146000.0,0.10157773444424747,342000.0,804000.0,0.0712639602907286,0.05,0.05,14953217,15006089,https://www.sec.gov/Archives/edgar/data/884269/000143774917013621/0001437749-17-013621-index.htm,https://www.sec.gov/Archives/edgar/data/884269/000143774917013621/apt20170630_10q.htm
0,2017-03-31,APT,2017-05-10,2017-05-10 11:09:58,Q1,10751000,6457000.0,4294000.0,0.3994047065389266,0.0,3474000.0,0.0,0.0,0.0,10085000,0.0,0.0,820000.0,0.0762719747000279,666000.0,0.07180727374197748,105000.0,772000.0,0.07180727374197748,222000.0,550000.0,0.05115803181099433,0.04,0.04,15207659,15301801,https://www.sec.gov/Archives/edgar/data/884269/000143774917008531/0001437749-17-008531-index.htm,https://www.sec.gov/Archives/edgar/data/884269/000143774917004000/apt20161231_10k.htm
0,2016-12-31,APT,2017-03-08,2017-03-08 10:35:01,Q4,9842000.0,6160000.0,3682000.0,0.3741109530583215,0.0,2818000.0,0.0,0.0,0.0,9097000.0,0.0,0.0,864000.0,0.0877870351554562,745000.0,0.08250355618776671,65000.0,812000.0,0.08250355618776671,-33000.0,845000.0,0.08585653322495428,0.05,0.05,15778015,15942898,https://www.sec.gov/Archives/edgar/data/884269/000143774917004000/0001437749-17-004000-index.htm,https://www.sec.gov/Archives/edgar/data/884269/000143774917004000/apt20161231_10k.htm
0,2016-09-30,APT,2016-11-03,2016-11-03 11:32:01,Q3,11779000,7263000.0,4516000.0,0.38339417607606757,0.0,3158000.0,0.0,0.0,0.0,10574000,0.0,0.0,1359000.0,0.11537481959419306,1205000.0,0.12293063927328296,242000.0,1448000.0,0.12293063927328296,429000.0,1019000.0,0.08650989048306308,0.06,0.06,16695059,16706532,https://www.sec.gov/Archives/edgar/data/884269/000143774916040948/0001437749-16-040948-index.htm,https://www.sec.gov/Archives/edgar/data/884269/000143774916040948/apt20160818_10q.htm
0,2016-06-30,APT,2016-08-04,2016-08-04 09:20:14,Q2,12708000,8168000.0,4540000.0,0.3572552722694366,0.0,3334000.0,0.0,0.0,0.0,11619000,0.0,0.0,1206000.0,0.09490084985835694,1089000.0,0.09309096632042807,93000.0,1183000.0,0.09309096632042807,386000.0,797000.0,0.0627163991186654,0.05,0.05,17211268,17211268,https://www.sec.gov/Archives/edgar/data/884269/000143774916036380/0001437749-16-036380-index.htm,https://www.sec.gov/Archives/edgar/data/884269/000143774916036380/apt20160630_10q.htm
0,2016-03-31,APT,2016-05-05,2016-05-05 09:51:42,Q1,11847000,7602000.0,4245000.0,0.35831856166118004,0.0,3457000.0,0.0,0.0,0.0,11213000,0.0,0.0,788000.0,0.0665147294673757,634000.0,0.06187220393348527,98000.0,733000.0,0.06187220393348527,226000.0,507000.0,0.04279564446695366,0.03,0.03,17669331,17669331,https://www.sec.gov/Archives/edgar/data/884269/000143774916030893/0001437749-16-030893-index.htm,https://www.sec.gov/Archives/edgar/data/884269/000143774916026648/apt20151231_10k.htm
0,2015-12-31,APT,2016-03-03,2016-03-03 12:09:28,Q4,10030000,6604000.0,3426000.0,0.3415752741774676,0.0,2815000.0,0.0,0.0,0.0,9595000.0,0.0,0.0,611000.0,0.0609172482552343,435000.0,0.04147557328015952,-18000.0,416000.0,0.04147557328015952,116000.0,300000.0,0.02991026919242273,0.02,0.02,18005304,18005304,https://www.sec.gov/Archives/edgar/data/884269/000143774916026648/0001437749-16-026648-index.htm,https://www.sec.gov/Archives/edgar/data/884269/000143774916026648/apt20151231_10k.htm
0,2015-09-30,APT,2015-11-05,2015-11-05 15:50:52,Q3,12176000,7370000.0,4806000.0,0.3947109067017083,0.0,3882000.0,0.0,0.0,0.0,11458000,0.0,0.0,924000.0,0.07588699080157688,718000.0,0.04541721419185282,-165000.0,553000.0,0.04541721419185282,247000.0,306000.0,0.025131406044678055,0.02,0.02,18276616,18299279,https://www.sec.gov/Archives/edgar/data/884269/000143774915019819/0001437749-15-019819-index.htm,https://www.sec.gov/Archives/edgar/data/884269/000143774915019819/apt20150930_10q.htm
0,2015-06-30,APT,2015-08-05,2015-08-05 10:47:32,Q2,12095000,8179000.0,3916000.0,0.32377015295576683,0.0,3520000.0,0.0,0.0,0.0,11849000,0.0,0.0,396000.0,0.03274080198429103,246000.0,0.03116990491938818,117000.0,377000.0,0.03116990491938818,89000.0,288000.0,0.02381149235221166,0.02,0.02,18208947,18308806,https://www.sec.gov/Archives/edgar/data/884269/000143774915014801/0001437749-15-014801-index.htm,https://www.sec.gov/Archives/edgar/data/884269/000143774915014801/apt20150630_10q.htm
0,2015-03-31,APT,2015-05-07,2015-05-07 12:49:49,Q1,10654000,6829000.0,3825000.0,0.3590200863525436,0.0,3577000.0,0.0,0.0,0.0,10577000,0.0,0.0,248000.0,0.023277642200112632,77000.0,0.016519617045241224,98000.0,176000.0,0.016519617045241224,28000.0,148000.0,0.01389149615168012,0.01,0.01,18299933,18499572,https://www.sec.gov/Archives/edgar/data/884269/000143774915009233/0001437749-15-009233-index.htm,https://www.sec.gov/Archives/edgar/data/884269/000143774915004304/apt20141231_10k.htm
0,2014-12-31,APT,2015-03-06,2015-03-06 12:34:04,Q4,12228000,7781000.0,4447000.0,0.3636735361465489,0.0,3555000.0,0.0,0.0,0.0,11495000,0.0,0.0,892000.0,0.07294733398756952,733000.0,0.06705920837422309,84000.0,820000.0,0.06705920837422309,208000.0,612000.0,0.050049067713444556,0.03,0.03,18369640,18713830,https://www.sec.gov/Archives/edgar/data/884269/000143774915004304/0001437749-15-004304-index.htm,https://www.sec.gov/Archives/edgar/data/884269/000143774915004304/apt20141231_10k.htm
0,2014-09-30,APT,2014-10-24,2014-10-24 15:23:56,Q3,13213000,8327000.0,4886000.0,0.3697873306591993,0.0,3288000.0,0.0,0.0,0.0,11813000,0.0,0.0,1598000.0,0.12094149701051994,1400000.0,0.10792401422841141,22000.0,1426000.0,0.10792401422841141,460000.0,966000.0,0.07310981609021418,0.05,0.05,18107073,18387422,https://www.sec.gov/Archives/edgar/data/884269/000143774914018779/0001437749-14-018779-index.htm,https://www.sec.gov/Archives/edgar/data/884269/000143774914018779/apt20140930_10q.htm
0,2014-06-30,APT,2014-08-06,2014-08-06 09:28:50,Q2,12252000,7744000.0,4508000.0,0.3679399281749918,0.0,3298000.0,0.0,0.0,0.0,11218000,0.0,0.0,992000.0,0.08096637283708782,1034000.0,0.10953313744694744,302000.0,1342000.0,0.10953313744694744,447000.0,895000.0,0.07304929807378387,0.05,0.05,18321432,18597466,https://www.sec.gov/Archives/edgar/data/884269/000143774914014336/0001437749-14-014336-index.htm,https://www.sec.gov/Archives/edgar/data/884269/000143774914014336/apt20140630_10q.htm
0,2014-03-31,APT,2014-05-07,2014-05-07 10:20:03,Q1,9956000.0,6346000.0,3610000.0,0.36259541984732824,0.0,3371000.0,0.0,0.0,0.0,9905000.0,0.0,0.0,48000.0,0.004821213338690237,51000.0,0.03565689031739654,301000.0,355000.0,0.03565689031739654,86000.0,269000.0,0.027018883085576536,0.01,0.01,18859834,19163050,https://www.sec.gov/Archives/edgar/data/884269/000143774914008127/0001437749-14-008127-index.htm,https://www.sec.gov/Archives/edgar/data/884269/000143774914003563/apt20131231_10k.htm
0,2013-12-31,APT,2014-03-06,2014-03-06 14:10:38,Q4,10508000,6575000.0,3933000.0,0.374286258089075,0.0,3230000.0,0.0,0.0,0.0,9993000.0,0.0,0.0,703000.0,0.06690140845070422,515000.0,0.08650551960411115,388000.0,909000.0,0.08650551960411115,225000.0,684000.0,0.06509326227636086,0.04,0.04,18838166,18987579,https://www.sec.gov/Archives/edgar/data/884269/000143774914003563/0001437749-14-003563-index.htm,https://www.sec.gov/Archives/edgar/data/884269/000143774914003563/apt20131231_10k.htm
0,2013-09-30,APT,2013-11-06,2013-11-06 11:06:14,Q3,12692000,8113000.0,4579000.0,0.36077844311377244,0.0,3190000.0,0.0,0.0,0.0,11481000,0.0,0.0,1389000.0,0.10943901670343524,1211000.0,0.10345099275133943,101000.0,1313000.0,0.10345099275133943,408000.0,905000.0,0.07130475890324614,0.05,0.05,19008660,19009656,https://www.sec.gov/Archives/edgar/data/884269/000143774913014004/0001437749-13-014004-index.htm,https://www.sec.gov/Archives/edgar/data/884269/000143774913014004/apt20130930_10q.htm
0,2013-06-30,APT,2013-08-07,2013-08-07 14:24:58,Q2,11156000,7099000.0,4057000.0,0.36366081032628184,0.0,3183000.0,0.0,0.0,0.0,10457000,0.0,0.0,874000.0,0.07834349229114378,699000.0,0.06615274291860881,38000.0,738000.0,0.06615274291860881,264000.0,474000.0,0.04248834707780567,0.02,0.02,19262807,19362620,https://www.sec.gov/Archives/edgar/data/884269/000143774913010092/0001437749-13-010092-index.htm,https://www.sec.gov/Archives/edgar/data/884269/000143774913010092/apt20130630_10q.htm
0,2013-03-31,APT,2013-05-07,2013-05-07 13:48:11,Q1,9450000.0,5787000.0,3663000.0,0.38761904761904764,0.0,3512000.0,0.0,0.0,0.0,9480000.0,0.0,0.0,151000.0,0.015978835978835978,-30000.0,0.0004232804232804233,33000.0,4000.0,0.0004232804232804233,-11000.0,15000.0,0.0015873015873015873,0.000761,0.00076,19715775,19749157,https://www.sec.gov/Archives/edgar/data/884269/000143774913005401/0001437749-13-005401-index.htm,https://www.sec.gov/Archives/edgar/data/884269/000143774913002367/apt_10k-123112.htm
0,2012-12-31,APT,2013-03-06,2013-03-06 13:45:13,Q4,9848000.0,6463000.0,3385000.0,0.3437246141348497,0.0,3329000.0,0.0,0.0,0.0,9965000.0,0.0,0.0,56000.0,0.005686433793663688,-117000.0,-0.0036555645816409425,78000.0,-36000.0,-0.0036555645816409425,-154000.0,118000.0,0.0119821283509342,0.01,0.01,20714076,20714076,https://www.sec.gov/Archives/edgar/data/884269/000143774913002367/0001437749-13-002367-index.htm,https://www.sec.gov/Archives/edgar/data/884269/000143774913002367/apt_10k-123112.htm
0,2012-09-30,APT,2012-11-07,2012-11-07 11:50:53,Q3,10740000,6942000.0,3798000.0,0.3536312849162011,0.0,3076000.0,0.0,0.0,0.0,10184000,0.0,0.0,722000.0,0.06722532588454376,556000.0,0.05940409683426443,84000.0,638000.0,0.05940409683426443,224000.0,414000.0,0.038547486033519554,0.02,0.02,20674335,20674335,https://www.sec.gov/Archives/edgar/data/884269/000143774912011132/0001437749-12-011132-index.htm,https://www.sec.gov/Archives/edgar/data/884269/000143774912011132/apt_10q-093012.htm
0,2012-06-30,APT,2012-08-08,2012-08-08 11:01:33,Q2,10851000,6999000.0,3852000.0,0.354990323472491,0.0,3224000.0,0.0,0.0,0.0,10432000,0.0,0.0,628000.0,0.057874850244217124,419000.0,0.05464934107455534,171000.0,593000.0,0.05464934107455534,219000.0,374000.0,0.03446686941295733,0.02,0.02,20857189,20857189,https://www.sec.gov/Archives/edgar/data/884269/000143774912007901/0001437749-12-007901-index.htm,https://www.sec.gov/Archives/edgar/data/884269/000143774912007901/alpha_10q-063012.htm
0,2012-03-31,APT,2012-05-08,2012-05-08 14:16:37,Q1,9619000.0,6194000.0,3425000.0,0.35606611913920366,0.0,3250000.0,0.0,0.0,0.0,9660000.0,0.0,0.0,175000.0,0.0181931593720761,-41000.0,0.011643621998128703,147000.0,112000.0,0.011643621998128703,42000.0,70000.0,0.0072772637488304395,0.0,0.0,20988087,20988087,https://www.sec.gov/Archives/edgar/data/884269/000143774912004632/0001437749-12-004632-index.htm,https://www.sec.gov/Archives/edgar/data/884269/000143774912002336/apt_10k-123111.htm
0,2011-12-31,APT,2012-03-15,2012-03-15 11:59:46,Q4,9160000.0,5928000.0,3232000.0,0.35283842794759823,0.0,2629000.0,0.0,0.0,0.0,8759000.0,0.0,0.0,603000.0,0.0658296943231441,401000.0,0.05960698689956332,126000.0,546000.0,0.05960698689956332,191000.0,355000.0,0.03875545851528384,0.0,0.0,0.0,0.0,https://www.sec.gov/Archives/edgar/data/884269/000143774912002336/0001437749-12-002336-index.htm,https://www.sec.gov/Archives/edgar/data/884269/000143774912002336/apt_10k-123111.htm
0,2011-09-30,APT,2011-11-10,2011-11-10 10:38:38,Q3,10120000,6449000.0,3671000.0,0.36274703557312254,0.0,3017000.0,0.0,0.0,0.0,9633000.0,0.0,0.0,654000.0,0.06462450592885376,487000.0,0.06205533596837945,134000.0,628000.0,0.06205533596837945,242000.0,386000.0,0.03814229249011858,0.02,0.02,22052822,22052822,https://www.sec.gov/Archives/edgar/data/884269/000143774911008362/0001437749-11-008362-index.htm,https://www.sec.gov/Archives/edgar/data/884269/000143774911008362/alphapro_10q-093011.htm
0,2011-06-30,APT,2011-08-05,2011-08-05 11:48:41,Q2,10278000,6407000.0,3871000.0,0.376629694493092,0.0,3296000.0,0.0,0.0,0.0,9909000.0,0.0,0.0,575000.0,0.055944736330025294,369000.0,0.04718816890445612,107000.0,485000.0,0.04718816890445612,181000.0,304000.0,0.02957773885970033,0.01,0.01,22427403,22427403,https://www.sec.gov/Archives/edgar/data/884269/000143774911005505/0001437749-11-005505-index.htm,https://www.sec.gov/Archives/edgar/data/884269/000143774911005505/alphaprotech_10q-063011.htm
0,2011-03-31,APT,2011-05-06,2011-05-06 14:33:24,Q1,8945000.0,5672000.0,3273000.0,0.365902738960313,0.0,3382000.0,0.0,0.0,0.0,9297000.0,0.0,0.0,-150000.0,-0.016769144773616546,-352000.0,-0.0198993851313583,168000.0,-178000.0,-0.0198993851313583,-66000.0,-112000.0,-0.012520961430967021,0.0,0.0,22434655,22434655,https://www.sec.gov/Archives/edgar/data/884269/000110465911026795/0001104659-11-026795-index.htm,https://www.sec.gov/Archives/edgar/data/884269/000110465911014897/a11-2206_110k.htm
0,2010-12-31,APT,2011-03-16,2011-03-16 16:50:53,Q4,8715000.0,5291000.0,3424000.0,0.39288582903040736,0.0,3176000.0,0.0,0.0,0.0,8684000.0,0.0,0.0,248000.0,0.028456683878370626,31000.0,0.010441767068273093,55000.0,91000.0,0.010441767068273093,42000.0,49000.0,0.005622489959839358,0.0,0.0,0.0,0.0,https://www.sec.gov/Archives/edgar/data/884269/000110465911014897/0001104659-11-014897-index.htm,https://www.sec.gov/Archives/edgar/data/884269/000110465911014897/a11-2206_110k.htm
0,2010-09-30,APT,2010-11-10,2010-11-10 16:39:34,Q3,10325000,6537000.0,3788000.0,0.3668765133171913,0.0,3361000.0,0.0,0.0,0.0,10099000,0.0,0.0,427000.0,0.04135593220338983,226000.0,0.03108958837772397,90000.0,321000.0,0.03108958837772397,127000.0,194000.0,0.018789346246973367,0.01,0.01,22424285,22424285,https://www.sec.gov/Archives/edgar/data/884269/000110465910057603/0001104659-10-057603-index.htm,https://www.sec.gov/Archives/edgar/data/884269/000110465910057603/a10-17522_110q.htm
0,2010-06-30,APT,2010-08-11,2010-08-11 16:30:31,Q2,11221000,7000000.0,4221000.0,0.37616968184653776,0.0,3518000.0,0.0,0.0,0.0,10736000,0.0,0.0,704000.0,0.06273950628286248,485000.0,0.052490865341769895,99000.0,589000.0,0.052490865341769895,217000.0,372000.0,0.03315212547901256,0.02,0.02,22424285,22869037,https://www.sec.gov/Archives/edgar/data/884269/000110465910043748/0001104659-10-043748-index.htm,https://www.sec.gov/Archives/edgar/data/884269/000110465910043748/a10-12879_110q.htm
0,2010-03-31,APT,2010-05-07,2010-05-07 14:28:20,Q1,11629000,6641000.0,4988000.0,0.428927680798005,0.0,3784000.0,0.0,0.0,0.0,10632000,0.0,0.0,1204000.0,0.10353426777882879,997000.0,0.09287127010061054,73000.0,1080000.0,0.09287127010061054,393000.0,687000.0,0.059076446813999484,0.03,0.03,22423229,23114613,https://www.sec.gov/Archives/edgar/data/884269/000110465910026820/0001104659-10-026820-index.htm,https://www.sec.gov/Archives/edgar/data/884269/000110465910013514/a09-36016_110k.htm
0,2009-12-31,APT,2010-03-10,2010-03-10 16:14:07,Q4,18934000,9259000.0,9675000.0,0.5109855286785676,0.0,4402000.0,0.0,0.0,0.0,13839000,0.0,0.0,5631000.0,0.29740149994718496,5095000.0,0.27574733284039293,116000.0,5221000.0,0.27574733284039293,1685000.0,3536000.0,0.18675398753565015,0.0,0.0,0.0,0.0,https://www.sec.gov/Archives/edgar/data/884269/000110465910013514/0001104659-10-013514-index.htm,https://www.sec.gov/Archives/edgar/data/884269/000110465910013514/a09-36016_110k.htm
0,2009-09-30,APT,2009-10-28,2009-10-28 14:49:27,Q3,16889000,8680000.0,8209000.0,0.48605601278938954,0.0,3659000.0,0.0,0.0,0.0,12504000,0.0,0.0,4550000.0,0.2694061223281426,4385000.0,0.26271537687252056,47000.0,4437000.0,0.26271537687252056,1615000.0,2822000.0,0.1670910059802238,0.13,0.12,22359902,23113155,https://www.sec.gov/Archives/edgar/data/884269/000110465909060838/0001104659-09-060838-index.htm,https://www.sec.gov/Archives/edgar/data/884269/000110465909060838/a09-31135_110q.htm
0,2009-06-30,APT,2009-08-06,2009-08-06 13:49:31,Q2,14547000,7676000.0,6871000.0,0.47233106482436243,0.0,3399000.0,0.0,0.0,0.0,11237000,0.0,0.0,3472000.0,0.23867464081941295,3310000.0,0.23248779817144427,72000.0,3382000.0,0.23248779817144427,1214000.0,2168000.0,0.149034165119956,0.1,0.1,22795003,22820145,https://www.sec.gov/Archives/edgar/data/884269/000110465909047713/0001104659-09-047713-index.htm,https://www.sec.gov/Archives/edgar/data/884269/000110465909047713/a09-18808_110q.htm
0,2009-03-31,APT,2009-05-06,2009-05-06 16:12:37,Q1,9326000.0,5207000.0,4119000.0,0.4416684537851169,0.0,3240000.0,0.0,0.0,0.0,8608000.0,0.0,0.0,879000.0,0.09425262706412181,718000.0,0.08760454642933733,98000.0,817000.0,0.08760454642933733,303000.0,514000.0,0.055114733004503536,0.02,0.02,23700601,23700601,https://www.sec.gov/Archives/edgar/data/884269/000110465909030002/0001104659-09-030002-index.htm,https://www.sec.gov/Archives/edgar/data/884269/000110465909016330/a09-1601_110k.htm
0,2008-12-31,APT,2009-03-11,2009-03-11 13:16:49,Q4,9132000.0,5375000.0,3757000.0,0.41141042487954443,0.0,3226000.0,0.0,0.0,0.0,8754000.0,0.0,0.0,531000.0,0.058147174770039424,378000.0,0.04993429697766097,62000.0,456000.0,0.04993429697766097,161000.0,295000.0,0.03230398598335523,0.0,0.0,0.0,0.0,https://www.sec.gov/Archives/edgar/data/884269/000110465909016330/0001104659-09-016330-index.htm,https://www.sec.gov/Archives/edgar/data/884269/000110465909016330/a09-1601_110k.htm
0,2008-09-30,APT,2008-11-06,2008-11-06 16:55:47,Q3,10217000,5862000.0,4355000.0,0.42625036703533326,0.0,3078000.0,0.0,0.0,0.0,9091000.0,0.0,0.0,1277000.0,0.12498776548889107,1126000.0,0.11921307624547323,85000.0,1218000.0,0.11921307624547323,473000.0,745000.0,0.07291768620925908,0.03,0.03,24720617,24720617,https://www.sec.gov/Archives/edgar/data/884269/000110465908068716/0001104659-08-068716-index.htm,https://www.sec.gov/Archives/edgar/data/884269/000110465908068716/a08-25843_110q.htm
0,2008-06-30,APT,2008-08-07,2008-08-07 13:42:57,Q2,8913000.0,4995000.0,3918000.0,0.43958263211040055,0.0,3194000.0,0.0,0.0,0.0,8330000.0,0.0,0.0,724000.0,0.08122966453494895,583000.0,0.06922472792550208,17000.0,617000.0,0.06922472792550208,232000.0,385000.0,0.04319533266015932,0.02,0.02,24979571,24979571,https://www.sec.gov/Archives/edgar/data/884269/000110465908050750/0001104659-08-050750-index.htm,https://www.sec.gov/Archives/edgar/data/884269/000110465908050750/a08-19251_110q.htm
0,2008-03-31,APT,2008-05-14,2008-05-14 15:26:24,Q1,7524000.0,4074000.0,3450000.0,0.4585326953748006,0.0,3141000.0,0.0,0.0,0.0,7356000.0,0.0,0.0,309000.0,0.041068580542264754,168000.0,0.029638490164805954,21000.0,223000.0,0.029638490164805954,84000.0,139000.0,0.018474215842636896,0.01,0.01,25210691,25210691,https://www.sec.gov/Archives/edgar/data/884269/000110465908033140/0001104659-08-033140-index.htm,https://www.sec.gov/Archives/edgar/data/884269/000110465908018897/a08-2910_110k.htm
0,2007-12-31,APT,2008-03-20,2008-03-20 17:11:23,Q4,7952000.0,4340000.0,3612000.0,0.45422535211267606,0.0,2984000.0,0.0,0.0,0.0,7469000.0,0.0,0.0,628000.0,0.0789738430583501,483000.0,0.06778169014084508,20000.0,539000.0,0.06778169014084508,82000.0,457000.0,0.05746981891348089,0.0,0.0,0.0,0.0,https://www.sec.gov/Archives/edgar/data/884269/000110465908018897/0001104659-08-018897-index.htm,https://www.sec.gov/Archives/edgar/data/884269/000110465908018897/a08-2910_110k.htm
0,2007-09-30,APT,2007-11-08,2007-11-08 16:15:51,Q3,9308000.0,4913000.0,4395000.0,0.47217447357112163,0.0,2949000.0,0.0,0.0,0.0,7976000.0,0.0,0.0,1447000.0,0.1554576708207993,1332000.0,0.15986248388483026,128000.0,1488000.0,0.15986248388483026,572000.0,916000.0,0.09840996991834981,0.04,0.04,25626172,25636151,https://www.sec.gov/Archives/edgar/data/884269/000110465907081199/0001104659-07-081199-index.htm,https://www.sec.gov/Archives/edgar/data/884269/000110465907081199/a07-28717_210q.htm
0,2007-06-30,APT,2007-08-14,2007-08-13 17:33:36,Q2,9149000.0,4880000.0,4269000.0,0.46660837249972675,0.0,3385000.0,0.0,0.0,0.0,8384000.0,0.0,0.0,884000.0,0.09662258170291835,765000.0,0.08951798010711554,41000.0,819000.0,0.08951798010711554,312000.0,507000.0,0.05541589244726199,0.02,0.02,25251724,25819663,https://www.sec.gov/Archives/edgar/data/884269/000110465907061962/0001104659-07-061962-index.htm,https://www.sec.gov/Archives/edgar/data/884269/000110465907061962/a07-19337_110q.htm
0,2007-03-31,APT,2007-05-10,2007-05-10 17:08:53,Q1,9044000.0,4880000.0,4164000.0,0.46041574524546663,0.0,3223000.0,0.0,0.0,0.0,8218000.0,0.0,0.0,941000.0,0.104046881910659,826000.0,0.09586466165413533,25000.0,867000.0,0.09586466165413533,332000.0,535000.0,0.05915524104378594,0.02,0.02,24834005,25811883,https://www.sec.gov/Archives/edgar/data/884269/000110465907038390/0001104659-07-038390-index.htm,https://www.sec.gov/Archives/edgar/data/884269/000110465907017711/a07-7613_210k.htm
0,2006-12-31,APT,2007-03-09,2007-03-09 13:04:07,Q4,10536000,5585000.0,4951000.0,0.4699126803340926,0.0,3090000.0,0.0,0.0,0.0,8783000.0,0.0,0.0,1861000.0,0.1766324981017464,1753000.0,0.17188686408504175,44000.0,1811000.0,0.17188686408504175,729000.0,1082000.0,0.10269552012148823,0.0,0.0,0.0,0.0,https://www.sec.gov/Archives/edgar/data/884269/000110465907017711/0001104659-07-017711-index.htm,https://www.sec.gov/Archives/edgar/data/884269/000110465907017711/a07-7613_210k.htm
0,2006-09-30,APT,2006-11-03,2006-11-03 16:46:11,Q3,8952000.0,4847000.0,4105000.0,0.4585567470956211,0.0,2635000.0,0.0,0.0,0.0,7599000.0,0.0,0.0,1470000.0,0.16420911528150134,1353000.0,0.15638963360142985,36000.0,1400000.0,0.15638963360142985,518000.0,882000.0,0.0985254691689008,0.04,0.04,24117694,25150523,https://www.sec.gov/Archives/edgar/data/884269/000110465906071249/0001104659-06-071249-index.htm,https://www.sec.gov/Archives/edgar/data/884269/000110465906071249/a06-22074_110q.htm
0,2006-06-30,APT,2006-08-09,2006-08-09 11:23:47,Q2,9879000.0,5256000.0,4623000.0,0.46796234436683876,0.0,2719000.0,0.0,0.0,0.0,8087000.0,0.0,0.0,1904000.0,0.19273205790059722,1792000.0,0.18098997874278774,-10000.0,1788000.0,0.18098997874278774,662000.0,1126000.0,0.11397914768701285,0.05,0.05,24092384,24987217,https://www.sec.gov/Archives/edgar/data/884269/000110465906052882/0001104659-06-052882-index.htm,https://www.sec.gov/Archives/edgar/data/884269/000110465906052882/a06-15803_110q.htm
0,2006-03-31,APT,2006-05-10,2006-05-10 16:25:46,Q1,7971000.0,4330000.0,3641000.0,0.4567808305106009,0.0,2496000.0,0.0,0.0,0.0,6937000.0,0.0,0.0,1145000.0,0.14364571571948312,1034000.0,0.12921841676075774,-9000.0,1030000.0,0.12921841676075774,381000.0,649000.0,0.08142014803663279,0.03,0.03,24066144,25035255,https://www.sec.gov/Archives/edgar/data/884269/000110465906033324/0001104659-06-033324-index.htm,https://www.sec.gov/Archives/edgar/data/884269/000110465906018916/a06-7495_210k.htm
0,2005-12-31,APT,2006-03-23,2006-03-23 17:04:02,Q4,7017000.0,3908000.0,3109000.0,0.44306683767992017,0.0,2507000.0,0.0,0.0,0.0,6539000.0,0.0,0.0,602000.0,0.08579164885278609,478000.0,0.06584010260795212,-16000.0,462000.0,0.06584010260795212,153000.0,309000.0,0.0440359127832407,0.0,0.0,0.0,0.0,https://www.sec.gov/Archives/edgar/data/884269/000110465906018916/0001104659-06-018916-index.htm,https://www.sec.gov/Archives/edgar/data/884269/000110465906018916/a06-7495_210k.htm
0,2005-09-30,APT,2005-11-14,2005-11-14 10:25:56,Q3,8056000.0,4407000.0,3649000.0,0.45295431976166833,0.0,2421000.0,0.0,0.0,0.0,6958000.0,0.0,0.0,1228000.0,0.15243296921549157,1098000.0,0.1365441906653426,0.0,1100000.0,0.1365441906653426,407000.0,693000.0,0.08602284011916583,0.03,0.03,23679933,25347172,https://www.sec.gov/Archives/edgar/data/884269/000110465905055141/0001104659-05-055141-index.htm,https://www.sec.gov/Archives/edgar/data/884269/000110465905055141/a05-17985_110q.htm
0,2005-06-30,APT,2005-08-09,2005-08-09 15:01:01,Q2,9040000.0,4813000.0,4227000.0,0.46758849557522125,0.0,2516000.0,0.0,0.0,0.0,7452000.0,0.0,0.0,1711000.0,0.1892699115044248,1588000.0,0.17643805309734514,0.0,1595000.0,0.17643805309734514,592000.0,1003000.0,0.11095132743362832,0.04,0.04,23678955,25075759,https://www.sec.gov/Archives/edgar/data/884269/000110465905037810/0001104659-05-037810-index.htm,https://www.sec.gov/Archives/edgar/data/884269/000110465905037810/a05-12610_110q.htm
0,2005-03-31,APT,2005-05-12,2005-05-12 10:01:14,Q1,6982000.0,3821000.0,3161000.0,0.45273560584359784,0.0,2352000.0,0.0,0.0,0.0,6296000.0,0.0,0.0,809000.0,0.11586937840160412,686000.0,0.10054425665998282,0.0,702000.0,0.10054425665998282,258000.0,444000.0,0.06359209395588657,0.02,0.02,23646008,25042812,https://www.sec.gov/Archives/edgar/data/884269/000110465905022788/0001104659-05-022788-index.htm,https://www.sec.gov/Archives/edgar/data/884269/000110465905010174/a05-4755_110k.htm
0,2004-12-31,APT,2005-03-09,2005-03-09 16:52:18,Q4,6413000.0,3274000.0,3139000.0,0.4894745049118977,0.0,2214000.0,0.0,0.0,0.0,5598000.0,0.0,0.0,939000.0,0.14642133167004523,815000.0,0.12661780757835647,0.0,812000.0,0.12661780757835647,255000.0,557000.0,0.08685482613441448,0.0,0.0,0.0,0.0,https://www.sec.gov/Archives/edgar/data/884269/000110465905010174/0001104659-05-010174-index.htm,https://www.sec.gov/Archives/edgar/data/884269/000110465905010174/a05-4755_110k.htm
0,2004-09-30,APT,2004-11-02,2004-11-02 11:58:44,Q3,5827000.0,2910000.0,2917000.0,0.5006006521366054,0.0,2198000.0,0.0,0.0,0.0,5235000.0,0.0,0.0,719000.0,0.12339111034837824,592000.0,0.10159601853440879,0.0,592000.0,0.10159601853440879,218000.0,374000.0,0.06418397116869744,0.02,0.02,23270478,24467474,https://www.sec.gov/Archives/edgar/data/884269/000110465904033000/0001104659-04-033000-index.htm,https://www.sec.gov/Archives/edgar/data/884269/000110465904033000/a04-12410_110q.htm
0,2004-06-30,APT,2004-08-06,2004-08-06 08:20:59,Q2,6748000.0,3508000.0,3240000.0,0.48014226437462953,0.0,2398000.0,0.0,0.0,0.0,6041000.0,2000.0,0.0,835000.0,0.12374036751630113,707000.0,0.1055127445168939,7000.0,712000.0,0.1055127445168939,262000.0,450000.0,0.06668642560758743,0.02,0.02,23087599,24567552,https://www.sec.gov/Archives/edgar/data/884269/000110465904022843/0001104659-04-022843-index.htm,https://www.sec.gov/Archives/edgar/data/884269/000110465904022843/a04-8898_110q.htm
0,2004-03-31,APT,2004-04-30,2004-04-30 13:21:21,Q1,5853000.0,2863000.0,2990000.0,0.510849137194601,0.0,2115000.0,0.0,0.0,0.0,5110000.0,0.0,0.0,875000.0,0.14949598496497524,743000.0,0.126772595250299,-2000.0,742000.0,0.126772595250299,275000.0,467000.0,0.07978814283273535,0.02,0.02,23106731,24891891,https://www.sec.gov/Archives/edgar/data/884269/000110465904012018/0001104659-04-012018-index.htm,https://www.sec.gov/Archives/edgar/data/884269/000110465904006318/a04-3019_110k.htm
0,2003-12-31,APT,2004-03-03,2004-03-03 10:54:02,Q4,6494000.0,3553000.0,2941000.0,0.45287958115183247,0.0,2175000.0,0.0,0.0,0.0,5864000.0,2000.0,0.0,766000.0,0.11795503541730828,630000.0,0.09670465044656607,0.0,628000.0,0.09670465044656607,146000.0,482000.0,0.07422235910070835,0.0,0.0,0.0,0.0,https://www.sec.gov/Archives/edgar/data/884269/000110465904006318/0001104659-04-006318-index.htm,https://www.sec.gov/Archives/edgar/data/884269/000110465904006318/a04-3019_110k.htm
0,2003-09-30,APT,2003-11-10,2003-11-10 13:27:39,Q3,6517000.0,3299000.0,3218000.0,0.4937854841184594,0.0,2141000.0,0.0,0.0,0.0,5571000.0,2000.0,0.0,1077000.0,0.1652600889980052,946000.0,0.1448519257326991,0.0,944000.0,0.1448519257326991,243000.0,701000.0,0.10756483044345558,0.03,0.03,22478537,24065723,https://www.sec.gov/Archives/edgar/data/884269/000110465903025289/0001104659-03-025289-index.htm,https://www.sec.gov/Archives/edgar/data/884269/000110465903025289/a03-5046_110q.htm
0,2003-06-30,APT,2003-08-08,2003-08-08 13:14:49,Q2,8707000.0,3931000.0,4776000.0,0.5485241759503847,0.0,2418000.0,0.0,0.0,0.0,6472000.0,0.0,0.0,2358000.0,0.27081658435741357,2235000.0,0.25473756747444587,0.0,2218000.0,0.25473756747444587,854000.0,1364000.0,0.15665556448834272,0.06,0.06,22398063,24557002,https://www.sec.gov/Archives/edgar/data/884269/000110465903017188/0001104659-03-017188-index.htm,https://www.sec.gov/Archives/edgar/data/884269/000110465903017188/a03-2188_110q.htm
0,2003-03-31,APT,2003-04-28,2003-04-28 11:27:24,Q1,5244000.0,2518000.0,2726000.0,0.5198321891685737,0.0,1867000.0,0.0,0.0,0.0,4505000.0,0.0,0.0,859000.0,0.16380625476735317,739000.0,0.14111365369946605,0.0,740000.0,0.14111365369946605,275000.0,465000.0,0.08867276887871854,0.02,0.02,22500134,23012139,https://www.sec.gov/Archives/edgar/data/884269/000110465903007422/0001104659-03-007422-index.htm,https://www.sec.gov/Archives/edgar/data/884269/000110465903007422/j9935_10q.htm
0,2002-12-31,APT,,Not found...,Q4,5333000.0,2839000.0,2494000.0,0.46765422838927434,0.0,1957000.0,0.0,0.0,0.0,4913000.0,-5000.0,0.0,537000.0,0.10069379336208513,420000.0,0.08025501593849615,3000.0,428000.0,0.08025501593849615,214000.0,214000.0,0.04012750796924808,0.0,0.0,0.0,0.0,,
0,2002-09-30,APT,2002-11-07,2002-11-07 17:26:44,Q3,5013000.0,2480000.0,2533000.0,0.5052862557350888,0.0,1869000.0,0.0,0.0,0.0,4461000.0,10000.0,0.0,664000.0,0.1324556153999601,552000.0,0.10811889088370237,0.0,542000.0,0.10811889088370237,180000.0,362000.0,0.07221224815479753,0.02,0.02,23147571,23512912,https://www.sec.gov/Archives/edgar/data/884269/000091205702041374/0000912057-02-041374-index.htm,https://www.sec.gov/Archives/edgar/data/884269/000091205702041374/a2092956z10-q.htm
0,2002-06-30,APT,,,Q2,5805000.0,2734000.0,3071000.0,0.5290267011197244,0.0,1951000.0,0.0,0.0,0.0,4795000.0,9000.0,0.0,1120000.0,0.1929371231696813,1010000.0,0.17243755383290266,0.0,1001000.0,0.17243755383290266,333000.0,668000.0,0.11507321274763135,0.03,0.03,23495569,24216059,,
0,2002-03-31,APT,,,Q1,5203000.0,2778000.0,2425000.0,0.46607726311743225,0.0,1658000.0,0.0,0.0,0.0,4544000.0,10000.0,0.0,767000.0,0.14741495291178167,659000.0,0.12473572938689217,0.0,649000.0,0.12473572938689217,228000.0,421000.0,0.0809148568133769,0.02,0.02,23547216,24179918,,
0,2001-12-31,APT,,,Q4,4825000.0,2796000.0,2029000.0,0.4205181347150259,0.0,1816000.0,0.0,0.0,0.0,4730000.0,7000.0,0.0,213000.0,0.04414507772020725,95000.0,0.03854922279792746,98000.0,186000.0,0.03854922279792746,67000.0,119000.0,0.024663212435233162,0.0,0.0,0.0,0.0,,
0,2001-09-30,APT,2001-11-14 00:00:00,2001-11-14 00:00:00,Q3,5069000.0,2924000.0,2145000.0,0.4231603866640363,0.0,1865000.0,0.0,0.0,0.0,4910000.0,14000.0,0.0,280000.0,0.05523771947129611,159000.0,0.02860524758334977,0.0,145000.0,0.02860524758334977,44000.0,101000.0,0.01992503452357467,0.0,0.0,23913020,24345712,https://www.sec.gov/Archives/edgar/data/884269/000091205701539378/0000912057-01-539378-index.html,https://www.sec.gov/Archives/edgar/data/884269/000091205701539378/a2063310z10-q.txt
0,2001-06-30,APT,2001-08-07 00:00:00,2001-08-07 00:00:00,Q2,6003000.0,3473000.0,2530000.0,0.421455938697318,0.0,1991000.0,0.0,0.0,0.0,5584000.0,4000.0,0.0,539000.0,0.08978843911377644,419000.0,0.0691321006163585,0.0,415000.0,0.0691321006163585,150000.0,265000.0,0.044144594369481926,0.01,0.01,23595697,23716767,https://www.sec.gov/Archives/edgar/data/884269/000100547701500354/0001005477-01-500354-index.html,https://www.sec.gov/Archives/edgar/data/884269/000100547701500354/d01-34001.txt
0,2001-03-31,APT,,,Q1,5435000.0,3054000.0,2381000.0,0.43808647654093835,0.0,1809000.0,0.0,0.0,0.0,4980000.0,0.0,0.0,572000.0,0.10524379024839006,455000.0,0.08445262189512419,0.0,459000.0,0.08445262189512419,159000.0,300000.0,0.05519779208831647,0.01,0.01,23691868,25051701,,
0,2000-12-31,APT,,,Q4,5615000.0,3186000.0,2429000.0,0.4325912733748887,0.0,1860000.0,0.0,0.0,0.0,5146000.0,0.0,0.0,569000.0,0.10133570792520036,469000.0,0.0,0.0,0.0,0.0,0.0,287000.0,0.051113089937666965,0.0,0.0,0.0,0.0,,
0,2000-09-30,APT,2000-11-01 00:00:00,2000-11-01 00:00:00,Q3,5444000.0,3105000.0,2339000.0,0.4296473181484203,0.0,1815000.0,0.0,0.0,0.0,5022000.0,3000.0,0.0,524000.0,0.09625275532696546,422000.0,0.0,0.0,0.0,0.0,0.0,419000.0,0.07696546656869949,0.02,0.02,24037317,25345334,https://www.sec.gov/Archives/edgar/data/884269/000091205700046761/0000912057-00-046761-index.html,https://www.sec.gov/Archives/edgar/data/884269/000091205700046761/a2028984z10-q.txt
0,2000-06-30,APT,2000-08-04 00:00:00,2000-08-04 00:00:00,Q2,5131000.0,3059000.0,2072000.0,0.4038199181446112,0.0,1609000.0,0.0,0.0,0.0,4769000.0,0.0,0.0,463000.0,0.09023582147729488,362000.0,0.0,0.0,0.0,0.0,0.0,342000.0,0.06665367374780745,0.01,0.01,24043874,25846027,https://www.sec.gov/Archives/edgar/data/884269/000091205700034747/0000912057-00-034747-index.html,https://www.sec.gov/Archives/edgar/data/884269/000091205700034747/a10-q.txt
0,2000-03-31,APT,2000-05-01 00:00:00,2000-05-01 00:00:00,Q1,4940000.0,2888000.0,2052000.0,0.4153846153846154,0.0,1550000.0,0.0,0.0,0.0,4540000.0,0.0,0.0,502000.0,0.10161943319838057,400000.0,0.0,0.0,0.0,0.0,0.0,412000.0,0.08340080971659919,0.02,0.02,24086103,26131013,https://www.sec.gov/Archives/edgar/data/884269/000091205700020733/0000912057-00-020733-index.html,https://www.sec.gov/Archives/edgar/data/884269/0000912057-00-020733.txt
0,1999-12-31,APT,,,Q4,5350000.0,3240000.0,2110000.0,0.394393,0.0,1710000.0,0.0,0.0,1750000.0,4990000.0,0.0,29999.99999999997,389999.99999999994,0.072897,360000.0,0.06729,0.0,350000.0,0.065421,20000.0,340000.0,0.063551,0.01395,0.01395,24380000,24380000,,
0,1999-09-30,APT,,,Q3,5180000.0,3250000.0,1930000.0,0.372587,0.0,1540000.0,0.0,0.0,1639999.9999999998,4890000.0,-40000.0,110000.00000000001,310000.0,0.059846,280000.0,0.054054,0.0,240000.0,0.046332,0.0,240000.0,0.046332,0.00974,0.00974,24640000,24640000,,
0,1999-06-30,APT,,,Q2,5220000.0,3160000.0,2060000.0,0.394636,0.0,1630000.0,0.0,0.0,1740000.0000000002,4900000.0,-40000.0,110000.0,350000.0,0.06705,320000.0,0.061303,0.0,280000.0,0.05364,0.0,280000.0,0.05364,0.01147,0.01147,24410000,24410000,,
0,1999-03-31,APT,,,Q1,4490000.0,2600000.0,1890000.0,0.420935,0.0,1470000.0,0.0,0.0,1579999.9999999995,4179999.9999999995,-40000.0,110000.0,340000.0,0.075724,310000.0,0.069042,0.0,270000.0,0.060134,0.0,270000.0,0.060134,0.01107,0.01107,24380000,24380000,,
0,1998-12-31,APT,,,Q4,4310000.0,2470000.0,1840000.0,0.426914,0.0,1590000.0,0.0,0.0,1690000.0,4160000.0,-50000.0,100000.00000000003,150000.00000000003,0.034803,150000.0,0.034803,0.0,100000.0,0.023202,0.0,100000.0,0.023202,0.0041,0.0041,24370000,24370000,,
0,1998-09-30,APT,,,Q3,4230000.0,2530000.0,1700000.0,0.401891,0.0,1510000.0,0.0,0.0,1620000.0000000007,4150000.0000000005,-40000.0,99999.99999999999,99999.99999999999,0.023641,80000.0,0.018913,0.0,40000.0,0.009456,0.0,40000.0,0.009456,0.00165,0.00165,24230000,24230000,,
0,1998-06-30,APT,,,Q2,4700000.0,2880000.0,1820000.0,0.387234,0.0,1580000.0,0.0,0.0,1679999.9999999998,4560000.0,-50000.0,100000.0,140000.0,0.029787,140000.0,0.029787,0.0,90000.0,0.019149,0.0,90000.0,0.019149,0.00371,0.00371,24250000,24250000,,
0,1998-03-31,APT,,,Q1,4740000.0,2850000.0,1900000.0,0.400844,0.0,1660000.0,0.0,0.0,1760000.0000000002,4610000.0,-50000.0,100000.0,130000.0,0.027426,140000.0,0.029536,0.0,80000.0,0.016878,0.0,80000.0,0.016878,0.00332,0.00332,24110000,24110000,,
0,1997-12-31,APT,,,Q4,4640000.0,3130000.0,1510000.0,0.325431,0.0,1990000.0,0.0,0.0,2080000.0,5210000.0,-90000.0,90000.0,-660000.0,-0.142241,-570000.0,-0.122845,0.0,-660000.0,-0.142241,0.0,-660000.0,-0.142241,-0.02837,-0.02837,23260000,23260000,,
0,1997-09-30,APT,,,Q3,4710000.0,3250000.0,1460000.0,0.309979,0.0,1660000.0,0.0,0.0,1740000.0000000002,4990000.0,-70000.0,80000.00000000001,-340000.0,-0.072187,-280000.0,-0.059448,0.0,-350000.0,-0.07431,0.0,-350000.0,-0.07431,-0.01452,-0.01452,24100000,24100000,,
0,1997-06-30,APT,,,Q2,4490000.0,2770000.0,1720000.0,0.383073,0.0,1560000.0,0.0,0.0,1640000.0,4410000.0,-70000.0,79999.99999999999,19999.99999999999,0.004454,80000.0,0.017817,0.0,10000.0,0.002227,0.0,10000.0,0.002227,0.0004,0.0004,25060000,25060000,,
0,1997-03-31,APT,,,Q1,3990000.0,2450000.0,1540000.0,0.385965,0.0,1320000.0,0.0,0.0,1389999.9999999998,3839999.9999999995,-80000.0,70000.0,60000.0,0.015038,150000.0,0.037594,0.0,70000.0,0.017544,0.0,70000.0,0.017544,0.00278,0.00278,25140000,25140000,,
0,1996-12-31,APT,,,Q4,3630000.0,2340000.0,1300000.0,0.358127,0.0,1180000.0,0.0,0.0,3450000.0,5790000.0,-80000.0,70000.0,-2250000.0,-0.619835,-2160000.0,-0.595041,0.0,-2240000.0,-0.61708,0.0,-2240000.0,-0.61708,-0.11991,-0.11991,18680000,18680000,,
0,1996-09-30,APT,,,Q3,3770000.0,2450000.0,1320000.0,0.350133,0.0,1160000.0,0.0,0.0,1219999.9999999998,3670000.0,-70000.0,60000.0,20000.0,0.005305,100000.0,0.026525,0.0,30000.0,0.007958,0.0,30000.0,0.007958,0.00146,0.00146,20510000,20510000,,
