,date,symbol,fillingDate,acceptedDate,period,revenue,costOfRevenue,grossProfit,grossProfitRatio,researchAndDevelopmentExpenses,generalAndAdministrativeExpenses,sellingAndMarketingExpenses,otherExpenses,operatingExpenses,costAndExpenses,interestExpense,depreciationAndAmortization,ebitda,ebitdaratio,operatingIncome,operatingIncomeRatio,totalOtherIncomeExpensesNet,incomeBeforeTax,incomeBeforeTaxRatio,incomeTaxExpense,netIncome,netIncomeRatio,eps,epsdiluted,weightedAverageShsOut,weightedAverageShsOutDil,link,finalLink
0,2020-09-30,RHI,2020-11-02,2020-11-02 16:44:19,Q3,1189897000,722551000,467346000,0.39276172643514523,0.0,390799000,0.0,26095000,0.0,1113684000,0.0,0.0,92135000,0.07743107176503512,76213000,0.08615031385069465,26095000,102510000,0.08615031385069465,26761000,75749000,0.06366013192738532,0.67,0.67,112809000,113355000,https://www.sec.gov/Archives/edgar/data/315213/000031521320000093/0000315213-20-000093-index.htm,https://www.sec.gov/Archives/edgar/data/315213/000031521320000093/rhi-20200930.htm
0,2020-06-30,RHI,2020-08-03,2020-08-03 16:26:00,Q2,1108326000,685249000,423077000,0.3817261347293125,0.0,364828000,0.0,0.0,0.0,1050407000,0.0,0.0,73845000,0.06662750851283827,57919000,0.05235282759765628,0.0,58024000,0.05235282759765628,11828000,46196000,0.04168087728700761,0.41,0.41,112865000,113121000,https://www.sec.gov/Archives/edgar/data/315213/000031521320000069/0000315213-20-000069-index.htm,https://www.sec.gov/Archives/edgar/data/315213/000031521320000069/rhi-20200630.htm
0,2020-03-31,RHI,2020-05-04 00:00:00,2020-05-04 16:32:15,Q1,1506691000,895974000,610717000,0.40533659522755494,0.0,479573000,0.0,0.0,0.0,1375885000,0.0,0.0,147057000,0.0976026272142065,130806000,0.08745190619709017,0.0,131763000,0.08745190619709017,41848000,89915000,0.05967713353302037,0.79,0.79,113187000,113858000,https://www.sec.gov/Archives/edgar/data/315213/000031521320000046/0000315213-20-000046-index.html,https://www.sec.gov/Archives/edgar/data/315213/000031521320000046/rhi-20200331.htm
0,2019-12-31,RHI,2020-02-14 00:00:00,2020-02-14 15:38:45,Q4,1537385000,898441000,638944000,0.4156044191923298,0.0,485715000,0.0,0.0,0.0,1384495000,0.0,0.0,169008000,0.10993212500447187,152890000,0.10033075644682367,0.0,154247000,0.10033075644682367,41405000,112842000,0.07339866071283381,0.989547,0.98,114034000,114862000,https://www.sec.gov/Archives/edgar/data/315213/000031521320000029/0000315213-20-000029-index.html,https://www.sec.gov/Archives/edgar/data/315213/000031521320000029/rhi-20191231.htm
0,2019-09-30,RHI,2019-11-12 00:00:00,2019-11-12 13:02:53,Q3,1552132000,905686000,646446000,0.4164890614973469,0.0,483555000,0.0,0.0,0.0,1389580000,0.0,0.0,179636000,0.1157350019199398,162552000,0.10552066447956746,0.0,163782000,0.10552066447956746,46601000,117181000,0.07549680052985185,1.017364,1.01,115181000,115868000,https://www.sec.gov/Archives/edgar/data/315213/000031521319000013/0000315213-19-000013-index.html,https://www.sec.gov/Archives/edgar/data/315213/000031521319000013/rhi9301910q.htm
0,2019-06-30,RHI,2019-08-02 00:00:00,2019-08-02 15:12:17,Q2,1516385000,878844000,637541000,0.42043478404231116,0.0,478139000,0.0,0.0,0.0,1357324000,0.0,0.0,175490000,0.11572918487059684,159061000,0.10558202567289969,0.0,160103000,0.10558202567289969,45491000,114612000,0.07558238837762178,0.9848,0.98,116381000,116988000,https://www.sec.gov/Archives/edgar/data/315213/000031521319000005/0000315213-19-000005-index.html,https://www.sec.gov/Archives/edgar/data/315213/000031521319000005/rhi6301910q.htm
0,2019-03-31,RHI,2019-05-06 00:00:00,2019-05-06 16:24:17,Q1,1468530000,860942000,607588000,0.4137389089770042,0.0,461359000,0.0,0.0,0.0,1322643000,0.0,0.0,161881000,0.11023336261431499,145887000,0.10036090512280989,0.0,147383000,0.10036090512280989,37585000,109798000,0.07476728429109382,0.937899,0.93,117068000,117966000,https://www.sec.gov/Archives/edgar/data/315213/000162828019005908/0001628280-19-005908-index.html,https://www.sec.gov/Archives/edgar/data/315213/000162828019005908/rhi3311910q.htm
0,2018-12-31,RHI,2019-02-15 00:00:00,2019-02-15 15:40:42,Q4,1481658000,861596000,620062000,0.4184919866797871,0.0,466153000,0.0,0.0,0.0,1328120000,0.0,0.0,169809000,0.11460741952596348,153538000,0.10460106178348849,0.0,154983000,0.10460106178348849,41419000,113564000,0.07664656756147505,0.956441,0.95,118736000,119851000,https://www.sec.gov/Archives/edgar/data/315213/000162828019001488/0001628280-19-001488-index.html,https://www.sec.gov/Archives/edgar/data/315213/000162828019001488/rhi10k123118.htm
0,2018-09-30,RHI,2018-11-01 00:00:00,2018-11-01 15:14:25,Q3,1466226000,855758000,610468000,0.41635327705278724,0.0,459330000,0.0,0.0,0.0,1315517000,0.0,0.0,167079000,0.11395173731743946,150709000,0.10360271881688089,0.0,151905000,0.10360271881688089,36663000,115242000,0.07859770594710502,0.959431,0.95,120115000,121443000,https://www.sec.gov/Archives/edgar/data/315213/000162828018013306/0001628280-18-013306-index.html,https://www.sec.gov/Archives/edgar/data/315213/000162828018013306/rhi9301810q.htm
0,2018-06-30,RHI,2018-08-02 00:00:00,2018-08-02 14:41:25,Q2,1457054000,849936000,607118000,0.41667501684906666,0.0,457607000,0.0,0.0,0.0,1307985000,0.0,0.0,165661000,0.11369585478643894,149069000,0.10299892797384311,0.0,150075000,0.10299892797384311,40760000,109315000,0.07502467307320113,0.901143,0.89,121307000,122268000,https://www.sec.gov/Archives/edgar/data/315213/000162828018010303/0001628280-18-010303-index.html,https://www.sec.gov/Archives/edgar/data/315213/000162828018010303/rhi6301810q.htm
0,2018-03-31,RHI,2018-05-03 00:00:00,2018-05-03 15:29:46,Q1,1395333000,822967000,572366000,0.4102002891066147,0.0,437999000,0.0,0.0,0.0,1261429000,0.0,0.0,150620000,0.10794555851542248,133904000,0.09649237852182956,0.0,134639000,0.09649237852182956,38472000,96167000,0.06892046558061768,0.788681,0.78,121934000,122887000,https://www.sec.gov/Archives/edgar/data/315213/000162828018005819/0001628280-18-005819-index.html,https://www.sec.gov/Archives/edgar/data/315213/000162828018005819/rhi3311810q.htm
0,2017-12-31,RHI,2018-02-20 00:00:00,2018-02-20 16:42:39,Q4,1346282000,793136000,553146000,0.41086934238146244,0.0,424383000,0.0,0.0,0.0,1217935000,0.0,0.0,144777000,0.10753839091661331,128347000,0.09584767530131132,0.0,129038000,0.09584767530131132,81991000,47047000,0.034945873152875846,0.382742,0.38,122921000,123883000,https://www.sec.gov/Archives/edgar/data/315213/000162828018001911/0001628280-18-001911-index.html,https://www.sec.gov/Archives/edgar/data/315213/000162828018001911/rhi10k123117.htm
0,2017-09-30,RHI,2017-11-03 00:00:00,2017-11-03 13:21:50,Q3,1324709000,778309000,546400000,0.4124679457903585,0.0,414179000,0.0,0.0,0.0,1192969000,0.0,0.0,148292000,0.11194307580004363,131740000,0.09984834405141053,0.0,132270000,0.09984834405141053,47570000,84700000,0.0639385706596694,0.685447,0.68,123569000,124200000,https://www.sec.gov/Archives/edgar/data/315213/000162828017010794/0001628280-17-010794-index.html,https://www.sec.gov/Archives/edgar/data/315213/000162828017010794/rhi9301710q.htm
0,2017-06-30,RHI,2017-08-03 00:00:00,2017-08-03 14:13:59,Q2,1308428000,769990000,538438000,0.4115151922765334,0.0,407721000,0.0,0.0,0.0,1178076000,0.0,0.0,146663000,0.11209099774691461,130352000,0.09989621133146034,0.0,130707000,0.09989621133146034,50391000,80316000,0.061383583964879994,0.644503,0.64,124617000,125104000,https://www.sec.gov/Archives/edgar/data/315213/000162828017007951/0001628280-17-007951-index.html,https://www.sec.gov/Archives/edgar/data/315213/000162828017007951/rhi6301710q.htm
0,2017-03-31,RHI,2017-05-05 00:00:00,2017-05-05 16:09:45,Q1,1287370000,761542000,525828000,0.4084513387759541,0.0,400249000,0.0,0.0,0.0,1162092000,0.0,0.0,141478000,0.10989692163092196,125278000,0.09748634813612249,0.0,125501000,0.09748634813612249,46980000,78521000,0.060993343017159016,0.625481,0.62,125537000,126418000,https://www.sec.gov/Archives/edgar/data/315213/000162828017005044/0001628280-17-005044-index.html,https://www.sec.gov/Archives/edgar/data/315213/000162828017005044/rhi3311710q.htm
0,2016-12-31,RHI,2017-02-13 00:00:00,2017-02-13 17:08:23,Q4,1265073000,745871000,519202000,0.41041267974259193,0.0,394505000,0.0,0.0,0.0,1140685000,0.0,0.0,141004000,0.11145918061645455,124388000,0.09847732107159034,0.0,124581000,0.09847732107159034,46793000,77788000,0.06148894174486374,0.614901,0.61,126505000,127428000,https://www.sec.gov/Archives/edgar/data/315213/000162828017001192/0001628280-17-001192-index.html,https://www.sec.gov/Archives/edgar/data/315213/000162828017001192/rhi10k123116.htm
0,2016-09-30,RHI,2016-11-03 00:00:00,2016-11-03 16:20:50,Q3,1338541000,786032000,552509000,0.4127695752315394,0.0,406142000,0.0,0.0,0.0,1192500000,0.0,0.0,162428000,0.12134704876428888,146041000,0.10931603888113998,0.0,146324000,0.10931603888113998,55755000,90569000,0.06766247727936611,0.709705,0.709705,127615000,128191000,https://www.sec.gov/Archives/edgar/data/315213/000162828016020750/0001628280-16-020750-index.html,https://www.sec.gov/Archives/edgar/data/315213/000162828016020750/rhi9301610q.htm
0,2016-06-30,RHI,2016-08-04,2016-08-04 14:11:55,Q2,1344160000,787167000,556993000,0.4143799845256517,0.0,407496000,0.0,0.0,0.0,1194977000,0.0,0.0,165084000,0.12281573622187834,149183000,0.11115789786930128,0.0,149414000,0.11115789786930128,57798000,91616000,0.06815855255326747,0.712488,0.71,128586000,129329000,https://www.sec.gov/Archives/edgar/data/315213/000162828016018463/rhi6301610q.htm,https://www.sec.gov/Archives/edgar/data/315213/000162828016018463/rhi6301610q.htm
0,2016-03-31,RHI,2016-05-06 00:00:00,2016-05-06 14:39:11,Q1,1302625000,770653000,531972000,0.40838460800307075,0.0,398074000,0.0,0.0,0.0,1169015000,0.0,0.0,149021000,0.1144005373764514,133610000,0.10270876115535937,0.0,133791000,0.10270876115535937,50375000,83416000,0.06403684867095288,0.64523,0.64,129281000,130137000,https://www.sec.gov/Archives/edgar/data/315213/000162828016015802/0001628280-16-015802-index.html,https://www.sec.gov/Archives/edgar/data/315213/000162828016015802/rhi3311610q.htm
0,2015-12-31,RHI,2016-02-17 00:00:00,2016-02-17 16:05:36,Q4,1304594000,764513000,540081000,0.41398396742588117,0.0,395724000,0.0,0.0,0.0,1160429000,0.0,0.0,158143000,0.12122008839531685,144165000,0.11062062220123656,0.0,144315000,0.11062062220123656,50872000,93443000,0.0716261150978772,0.717843,0.71,130172000,131430000,https://www.sec.gov/Archives/edgar/data/315213/000162828016011322/0001628280-16-011322-index.html,https://www.sec.gov/Archives/edgar/data/315213/000162828016011322/rhi10k123115.htm
0,2015-09-30,RHI,2015-11-02 00:00:00,2015-11-02 15:32:42,Q3,1312718000,762917000,549801000,0.4188264349235708,0.0,390735000,0.0,0.0,0.0,1153652000,0.0,0.0,171985000,0.1310144296033116,159066000,0.12135584337230083,0.0,159306000,0.12135584337230083,62581000,96725000,0.07368299969985938,0.736756,0.73,131285000,132488000,https://www.sec.gov/Archives/edgar/data/315213/000162828015008118/0001628280-15-008118-index.html,https://www.sec.gov/Archives/edgar/data/315213/000162828015008118/rhi9301510q.htm
0,2015-06-30,RHI,2015-08-03 00:00:00,2015-08-03 14:10:14,Q2,1272058000,741556000,530502000,0.41704230467478687,0.0,381355000,0.0,0.0,0.0,1122911000,0.0,0.0,162709000,0.12791004812673637,149147000,0.11731776381265634,0.0,149235000,0.11731776381265634,59529000,89706000,0.07052036935422756,0.677032,0.67,132499000,133553000,https://www.sec.gov/Archives/edgar/data/315213/000162828015005942/0001628280-15-005942-index.html,https://www.sec.gov/Archives/edgar/data/315213/000162828015005942/rhi6301510q.htm
0,2015-03-31,RHI,2015-05-08 00:00:00,2015-05-08 14:11:11,Q1,1205563000,711476000,494087000,0.40983922034767156,0.0,365985000,0.0,0.0,0.0,1077461000,0.0,0.0,141108000,0.11704738781797384,128102000,0.10631879047382842,0.0,128174000,0.10631879047382842,50252000,77922000,0.06463536123786148,0.585541,0.58,133077000,134286000,https://www.sec.gov/Archives/edgar/data/315213/000162828015003944/0001628280-15-003944-index.html,https://www.sec.gov/Archives/edgar/data/315213/000162828015003944/rhi3311510q.htm
0,2014-12-31,RHI,2015-02-13,2015-02-13 16:12:53,Q4,1221450000,720693000,500757000,0.40996929878423183,0.0,367590000,0.0,0.0,0.0,1088283000,0.0,0.0,146121000,0.11962912931352082,133167000,0.10914978099799419,0.0,133321000,0.10914978099799419,49268000,84053000,0.06881411437226248,0.630215,0.62,133372000,134956000,https://www.sec.gov/Archives/edgar/data/315213/000162828015000736/rhi10k123114.htm,https://www.sec.gov/Archives/edgar/data/315213/000162828015000736/rhi10k123114.htm
0,2014-09-30,RHI,2014-10-31 00:00:00,2014-10-31 13:44:25,Q3,1224308000,719088000,505220000,0.4126575992315659,0.0,366967000,0.0,0.0,0.0,1086055000,0.0,0.0,150360000,0.12281223352293703,138253000,0.11301159512148903,0.0,138361000,0.11301159512148903,53177000,85184000,0.06957726323768203,0.635445,0.63,134054000,135366000,https://www.sec.gov/Archives/edgar/data/315213/000144530514004655/0001445305-14-004655-index.html,https://www.sec.gov/Archives/edgar/data/315213/000144530514004655/rhi9301410q.htm
0,2014-06-30,RHI,2014-08-01 00:00:00,2014-08-01 13:36:14,Q2,1164914000,686470000,478444000,0.4107118637083939,0.0,354791000,0.0,0.0,0.0,1041485000,0.0,0.0,135516000,0.11633133433025958,123429000,0.10614774996265819,0.0,123653000,0.10614774996265819,48513000,75140000,0.06450261564372993,0.557836,0.55,134699000,135708000,https://www.sec.gov/Archives/edgar/data/315213/000119312514291250/0001193125-14-291250-index.html,https://www.sec.gov/Archives/edgar/data/315213/000119312514291250/d746048d10q.htm
0,2014-03-31,RHI,2014-05-09 00:00:00,2014-05-09 13:24:26,Q1,1084342000,645847000,438495000,0.40438809895770894,0.0,336386000,0.0,0.0,0.0,982566000,0.0,0.0,114309000,0.10541784787456356,101776000,0.09407917428265253,0.0,102014000,0.09407917428265253,40463000,61551000,0.056763456547841915,0.454811,0.45,135333000,136161000,https://www.sec.gov/Archives/edgar/data/315213/000119312514191961/0001193125-14-191961-index.html,https://www.sec.gov/Archives/edgar/data/315213/000119312514191961/d699085d10q.htm
0,2013-12-31,RHI,2014-02-14,2014-02-14 15:10:19,Q4,1083864000,640648000,443216000,0.4089221525947905,0.0,339151000,0.0,0.0,0.0,980199000,0.0,0.0,116142000,0.10715551028542326,103665000,0.09585519954533041,0.0,103894000,0.09585519954533041,37009000,66885000,0.06170977170567525,0.494642,0.49,135219000,136813000,https://www.sec.gov/Archives/edgar/data/315213/000119312514054441/d635026d10k.htm,https://www.sec.gov/Archives/edgar/data/315213/000119312514054441/d635026d10k.htm
0,2013-09-30,RHI,2013-11-01 00:00:00,2013-11-01 14:26:14,Q3,1075119000,637641000,437478000,0.40691123494236453,0.0,333565000,0.0,0.0,0.0,971639000,0.0,0.0,115582000,0.10750623884425817,103480000,0.09646653068171988,0.0,103713000,0.09646653068171988,37355000,66358000,0.06172153966212112,0.488908,0.48,135727000,137241000,https://www.sec.gov/Archives/edgar/data/315213/000119312513422708/0001193125-13-422708-index.html,https://www.sec.gov/Archives/edgar/data/315213/000119312513422708/d586405d10q.htm
0,2013-06-30,RHI,2013-08-02 00:00:00,2013-08-02 12:41:13,Q2,1063228000,631120000,432108000,0.40641141881139325,0.0,331314000,0.0,0.0,0.0,962868000,0.0,0.0,112373000,0.10569040694940314,100360000,0.09461376111238605,0.0,100596000,0.09461376111238605,37507000,63089000,0.05933722588193689,0.462573,0.46,136385000,137659000,https://www.sec.gov/Archives/edgar/data/315213/000119312513316706/0001193125-13-316706-index.html,https://www.sec.gov/Archives/edgar/data/315213/000119312513316706/d547247d10q.htm
0,2013-03-31,RHI,2013-05-06 00:00:00,2013-05-06 12:44:19,Q1,1023684000,613394000,410290000,0.40079751173213607,0.0,320785000,0.0,0.0,0.0,934612000,0.0,0.0,101252000,0.09890942908163065,89072000,0.08730819276261034,0.0,89376000,0.08730819276261034,33513000,55863000,0.054570551068493796,0.406821,0.4,137311000,138394000,https://www.sec.gov/Archives/edgar/data/315213/000119312513200918/0001193125-13-200918-index.html,https://www.sec.gov/Archives/edgar/data/315213/000119312513200918/d508197d10q.htm
0,2012-12-31,RHI,2013-02-15 00:00:00,2013-02-15 13:34:08,Q4,1034213000,617788000,416425000,0.4026491641470374,0.0,319302000,0.0,0.0,0.0,937301000,0.0,0.0,109126000,0.1055159817174992,96912000,0.09402511861676463,0.0,97242000,0.09402511861676463,38623000,58619000,0.05667981353937729,0.0,0.0,0.0,0.0,https://www.sec.gov/Archives/edgar/data/315213/000119312513062356/0001193125-13-062356-index.html,https://www.sec.gov/Archives/edgar/data/315213/000119312513062356/d453726d10k.htm
0,2012-12-13,RHI,2013-02-15 00:00:00,2013-02-15 13:34:08,Q4,1034213000,617788000,416425000,0.4026491641470374,0.0,319302000,0.0,0.0,319302000,937090000,0.0,-36510000,60732000,0.0921394215145,97242000,0.0802739681508,0.0,97242000,0.0802739681508,38623000,58619000,0.0491787455314,0.41837,0.41837,138828440,140113888,https://www.sec.gov/Archives/edgar/data/315213/000119312513062356/0001193125-13-062356-index.html,https://www.sec.gov/Archives/edgar/data/315213/000119312513062356/d453726d10k.htm
0,2012-09-30,RHI,2012-11-08 00:00:00,2012-11-08 17:11:10,Q3,1033173000,617924000,415249000,0.40191623280902616,0.0,321030000,0.0,0.0,0.0,939054000,0.0,0.0,106262000,0.10285015191066743,94119000,0.09143386441573677,0.0,94467000,0.09143386441573677,36807000,57660000,0.05580865934359493,0.416066,0.41,137918000,139141000,https://www.sec.gov/Archives/edgar/data/315213/000119312512460764/0001193125-12-460764-index.html,https://www.sec.gov/Archives/edgar/data/315213/000119312512460764/d400421d10q.htm
0,2012-06-30,RHI,2012-08-03 00:00:00,2012-08-03 12:08:08,Q2,1028383000,613080000,415303000,0.4038407869441638,0.0,343264000,0.0,0.0,0.0,956396000,0.0,0.0,84073000,0.08175261551386984,71987000,0.07027731885882983,0.0,72272000,0.07027731885882983,26943000,45329000,0.044077935944098645,0.325432,0.32,138588000,139739000,https://www.sec.gov/Archives/edgar/data/315213/000119312512334082/0001193125-12-334082-index.html,https://www.sec.gov/Archives/edgar/data/315213/000119312512334082/d364024d10q.htm
0,2012-03-31,RHI,2012-05-04 00:00:00,2012-05-04 14:39:23,Q1,1015444000,613361000,402083000,0.39596767522384296,0.0,322018000,0.0,0.0,0.0,935414000,234000.0,0.0,92779000,0.09136791393715459,80030000,0.0790432559550305,0.0,80264000,0.0790432559550305,31930000,48334000,0.047598882853214945,0.35,0.34,139384000,140443000,https://www.sec.gov/Archives/edgar/data/315213/000119312512211545/0001193125-12-211545-index.html,https://www.sec.gov/Archives/edgar/data/315213/000119312512211545/d314451d10q.htm
0,2011-12-31,RHI,2012-02-17 00:00:00,2012-02-17 16:16:10,Q4,973473000,586151000,387322000,0.3978764690957017,0.0,315479000,0.0,0.0,0.0,901665000,0.0,0.0,84596000,0.08690122889900388,71808000,0.07412737692776276,0.0,72161000,0.07412737692776276,29537000,42624000,0.04378549790286942,0.0,0.0,0.0,0.0,https://www.sec.gov/Archives/edgar/data/315213/000119312512067457/0001193125-12-067457-index.html,https://www.sec.gov/Archives/edgar/data/315213/000119312512067457/d230200d10k.htm
0,2011-09-30,RHI,2011-11-04 00:00:00,2011-11-04 12:28:04,Q3,984668000,592765000,391903000,0.39800521597127153,0.0,319817000,0.0,0.0,0.0,912621000,0.0,0.0,84892000,0.0862138304484354,72047000,0.07331912888405026,0.0,72195000,0.07331912888405026,28027000,44168000,0.044855728022033824,0.312344,0.31,139449000,140433000,https://www.sec.gov/Archives/edgar/data/315213/000119312511296901/0001193125-11-296901-index.html,https://www.sec.gov/Archives/edgar/data/315213/000119312511296901/d233767d10q.htm
0,2011-06-30,RHI,2011-07-29 00:00:00,2011-07-29 13:38:54,Q2,937966000,565678000,372288000,0.3969099093144101,0.0,311202000,0.0,0.0,0.0,876920000,0.0,0.0,74033000,0.07892930020917603,61046000,0.06533712309401407,0.0,61284000,0.06533712309401407,24859000,36425000,0.03883403023137299,0.254024,0.25,141286000,142585000,https://www.sec.gov/Archives/edgar/data/315213/000119312511202455/0001193125-11-202455-index.html,https://www.sec.gov/Archives/edgar/data/315213/000119312511202455/d10q.htm
0,2011-03-31,RHI,2011-05-06 00:00:00,2011-05-06 12:53:06,Q1,880869000,542780000,338089000,0.3838130300873342,0.0,293686000,0.0,0.0,0.0,836505000,0.0,0.0,57159000,0.06488933087666839,44364000,0.05060457343827516,0.0,44576000,0.05060457343827516,17871000,26705000,0.030316653214042043,0.184314,0.18,142653000,144136000,https://www.sec.gov/Archives/edgar/data/315213/000119312511130209/0001193125-11-130209-index.html,https://www.sec.gov/Archives/edgar/data/315213/000119312511130209/d10q.htm
0,2010-12-31,RHI,2011-02-17,2011-02-17 15:01:54,Q4,851572000,524665000,326907000,0.38388650636704824,0.0,283868000,0.0,0.0,0.0,807424000,1300000.0,0.0,57774000,0.06784394038319719,44148000,0.05078607563423879,0.0,43248000,0.05078607563423879,18458000,24790000,0.029110867900776445,0.0,0.0,0.0,0.0,https://www.sec.gov/Archives/edgar/data/315213/000119312511038990/d10k.htm,https://www.sec.gov/Archives/edgar/data/315213/000119312511038990/d10k.htm
0,2010-09-30,RHI,2010-11-05 00:00:00,2010-11-05 13:20:04,Q3,817258000,508118000,309140000,0.3782648808576973,0.0,271978000,0.0,0.0,0.0,780142000,147000.0,0.0,50923000,0.0623095766575549,37116000,0.04560249027846775,0.0,37269000,0.04560249027846775,16645000,20624000,0.025235604913014006,0.14,0.14,142230000,143000000,https://www.sec.gov/Archives/edgar/data/315213/000119312510249701/0001193125-10-249701-index.html,https://www.sec.gov/Archives/edgar/data/315213/000119312510249701/d10q.htm
0,2010-06-30,RHI,2010-08-02 00:00:00,2010-08-02 16:41:56,Q2,769090000,479232000,289858000,0.37688436983968066,0.0,267519000,0.0,0.0,0.0,746797000,106000.0,0.0,36526000,0.04749249112587604,22293000,0.029108426842112105,0.0,22387000,0.029108426842112105,10206000,12181000,0.015838198390305425,0.08,0.08,143100000,144331000,https://www.sec.gov/Archives/edgar/data/315213/000119312510173701/0001193125-10-173701-index.html,https://www.sec.gov/Archives/edgar/data/315213/000119312510173701/d10q.htm
0,2010-03-31,RHI,2010-05-07 00:00:00,2010-05-07 16:41:18,Q1,737173000,469045000,268128000,0.36372466164658773,0.0,255668000,0.0,0.0,0.0,724982000,126000.0,0.0,27583000,0.037417268402396724,12191000,0.016637885543827568,0.0,12265000,0.016637885543827568,3790000.0,8475000.0,0.011496622909412038,0.052871,0.05,144239000,145673000,https://www.sec.gov/Archives/edgar/data/315213/000119312510112982/0001193125-10-112982-index.html,https://www.sec.gov/Archives/edgar/data/315213/000119312510112982/d10q.htm
0,2009-12-31,RHI,2010-02-19 00:00:00,2010-02-18 20:15:37,Q4,737423000,458940000,278483000,0.3776434963379227,0.0,255972000,0.0,0.0,0.0,715193000,191000.0,0.0,38471000,0.052169514647631005,22230000,0.030428939699466927,0.0,22439000,0.030428939699466927,8911000.0,13528000,0.01834496618630013,0.0,0.0,0.0,0.0,https://www.sec.gov/Archives/edgar/data/315213/000119312510034421/0001193125-10-034421-index.html,https://www.sec.gov/Archives/edgar/data/315213/000119312510034421/d10k.htm
0,2009-09-30,RHI,2009-10-29 00:00:00,2009-10-29 16:48:23,Q3,725912000,459501000,266411000,0.3670017853403718,0.0,248870000,0.0,0.0,0.0,708652000,141000.0,0.0,33299000,0.04587195142110889,17260000,0.023996021556331897,0.0,17419000,0.023996021556331897,7888000.0,9531000.0,0.013129690651208411,0.061466,0.06,146227000,147123000,https://www.sec.gov/Archives/edgar/data/315213/000119312509217517/0001193125-09-217517-index.html,https://www.sec.gov/Archives/edgar/data/315213/000119312509217517/d10q.htm
0,2009-06-30,RHI,2009-07-30 00:00:00,2009-07-30 16:12:26,Q2,749887000,484830000,265057000,0.3534625883633134,0.0,255007000,0.0,0.0,0.0,740117000,45000.0,0.0,27075000,0.0361054398862762,9770000.0,0.013635387731751583,0.0,10225000,0.013635387731751583,4809000.0,5416000.0,0.0072224215115077334,0.1,0.09,146660000,147092000,https://www.sec.gov/Archives/edgar/data/315213/000119312509159557/0001193125-09-159557-index.html,https://www.sec.gov/Archives/edgar/data/315213/000119312509159557/d10q.htm
0,2009-03-31,RHI,2009-05-08 00:00:00,2009-05-08 14:57:18,Q1,823325000,529597000,293728000,0.35675826678407674,0.0,277050000,0.0,0.0,0.0,807265000,80000.0,0.0,33641000,0.04085992773206207,16060000,0.020259314365530016,0.0,16680000,0.020259314365530016,7892000.0,8788000.0,0.010673792244860777,0.06,0.06,146878000,147142000,https://www.sec.gov/Archives/edgar/data/315213/000119312509105175/0001193125-09-105175-index.html,https://www.sec.gov/Archives/edgar/data/315213/000119312509105175/d10q.htm
0,2008-12-31,RHI,2009-02-19 00:00:00,2009-02-19 16:32:19,Q4,989837000,587451000,402386000,0.40651743670927637,0.0,334895000,0.0,0.0,0.0,923125000,0.0,0.0,94660000,0.09563190707156835,66712000,0.06776267203590086,0.0,67074000,0.06776267203590086,28066000,39008000,0.03940850867365031,0.0,0.0,0.0,0.0,https://www.sec.gov/Archives/edgar/data/315213/000119312509033115/0001193125-09-033115-index.html,https://www.sec.gov/Archives/edgar/data/315213/000119312509033115/d10k.htm
0,2008-09-30,RHI,2008-10-31 00:00:00,2008-10-31 12:43:29,Q3,1160086000,676513000,483573000,0.4168423720310391,0.0,374120000,0.0,0.0,0.0,1051251000,0.0,0.0,127434000,0.10984875259248021,108835000,0.09495244318093658,0.0,110153000,0.09495244318093658,44332000,65821000,0.05673803493878902,0.44,0.43,150839000,152786000,https://www.sec.gov/Archives/edgar/data/315213/000119312508221248/0001193125-08-221248-index.html,https://www.sec.gov/Archives/edgar/data/315213/000119312508221248/d10q.htm
0,2008-06-30,RHI,2008-07-31 00:00:00,2008-07-31 15:15:24,Q2,1224641000,708017000,516624000,0.4218575076287663,0.0,393393000,0.0,0.0,0.0,1102028000,0.0,0.0,141525000,0.11556447971283013,122613000,0.10135133479934119,0.0,124119000,0.10135133479934119,49551000,74568000,0.06088968113920733,0.49,0.48,152877000,154520000,https://www.sec.gov/Archives/edgar/data/315213/000119312508162480/0001193125-08-162480-index.html,https://www.sec.gov/Archives/edgar/data/315213/000119312508162480/d10q.htm
0,2008-03-31,RHI,2008-05-09 00:00:00,2008-05-09 13:54:04,Q1,1225990000,715002000,510988000,0.4167962218288893,0.0,394431000,0.0,0.0,0.0,1110074000,0.0,0.0,134167000,0.10943563976867675,115916000,0.09619164919779118,0.0,117930000,0.09619164919779118,47146000,70784000,0.05773619686946876,0.46,0.45,154567000,156398000,https://www.sec.gov/Archives/edgar/data/315213/000119312508109431/0001193125-08-109431-index.html,https://www.sec.gov/Archives/edgar/data/315213/000119312508109431/d10q.htm
0,2007-12-31,RHI,2008-02-20,2008-02-20 16:51:57,Q4,1220068000,696447000,523621000,0.4291736198310258,0.0,393911000,0.0,0.0,0.0,1091112000,0.0,0.0,147472000,0.1208719513994302,128956000,0.10808250031965431,0.0,131868000,0.10808250031965431,53052000,78816000,0.0645996780507316,0.0,0.0,0.0,0.0,https://www.sec.gov/Archives/edgar/data/315213/000119312508034558/d10k.htm,https://www.sec.gov/Archives/edgar/data/315213/000119312508034558/d10k.htm
0,2007-09-30,RHI,2007-11-02 00:00:00,2007-11-02 17:17:45,Q3,1179045000,678252000,500793000,0.42474460262330954,0.0,381031000,0.0,0.0,0.0,1060031000,0.0,0.0,137597000,0.11670207668070345,119014000,0.10359146597458112,0.0,122139000,0.10359146597458112,48176000,73963000,0.06273127828030313,0.47,0.46,158480000,161903000,https://www.sec.gov/Archives/edgar/data/315213/000119312507233949/0001193125-07-233949-index.html,https://www.sec.gov/Archives/edgar/data/315213/000119312507233949/d10q.htm
0,2007-06-30,RHI,2007-08-06 00:00:00,2007-08-03 18:59:15,Q2,1149128000,656443000,492685000,0.4287468410829777,0.0,374636000,0.0,0.0,0.0,1031897000,0.0,0.0,135380000,0.11781107065531429,117231000,0.10469155742441225,0.0,120304000,0.10469155742441225,47578000,72726000,0.06328798880542463,0.45,0.44,160781000,164770000,https://www.sec.gov/Archives/edgar/data/315213/000119312507170934/0001193125-07-170934-index.html,https://www.sec.gov/Archives/edgar/data/315213/000119312507170934/d10q.htm
0,2007-03-31,RHI,2007-05-04 00:00:00,2007-05-04 13:16:25,Q1,1097425000,636696000,460729000,0.4198273230516892,0.0,348379000,0.0,0.0,0.0,985349000,0.0,0.0,128269000,0.11688179146638722,112076000,0.10578672802241611,0.0,116093000,0.10578672802241611,45386000,70707000,0.06442991548397385,0.43,0.42,163841000,168883000,https://www.sec.gov/Archives/edgar/data/315213/000119312507102521/0001193125-07-102521-index.html,https://www.sec.gov/Archives/edgar/data/315213/000119312507102521/d10q.htm
0,2006-12-31,RHI,2007-02-23,2007-02-23 17:06:34,Q4,1060234000,609184000,451050000,0.42542495335935276,0.0,331565000,0.0,0.0,0.0,940995000,0.0,0.0,134749000,0.12709364159232772,119239000,0.11647523093958503,0.0,123491000,0.11647523093958503,48118000,75373000,0.07109091011984146,0.0,0.0,0.0,0.0,https://www.sec.gov/Archives/edgar/data/315213/000119312507038451/d10k.htm,https://www.sec.gov/Archives/edgar/data/315213/000119312507038451/d10k.htm
0,2006-09-30,RHI,2006-11-06,2006-11-06 15:45:52,Q3,1027563000,595566000,431997000,0.4204092595782448,0.0,316732000,0.0,0.0,0.0,912529000,0.0,0.0,130434000,0.12693528280017868,115034000,0.11669162863980116,0.0,119908000,0.11669162863980116,46261000,73647000,0.07167151795072418,0.45,0.43,165177000,169983000,https://www.sec.gov/Archives/edgar/data/315213/000119312506225082/d10q.htm,https://www.sec.gov/Archives/edgar/data/315213/000119312506225082/d10q.htm
0,2006-06-30,RHI,2006-08-04,2006-08-04 16:45:31,Q2,981825000,563823000,418002000,0.4257398212512413,0.0,308173000,0.0,0.0,0.0,872224000,0.0,0.0,124669000,0.12697680340182824,109601000,0.11583530669925904,0.0,113730000,0.11583530669925904,45075000,68655000,0.06992590329233825,0.41,0.39,167799000,174096000,https://www.sec.gov/Archives/edgar/data/315213/000119312506162473/d10q.htm,https://www.sec.gov/Archives/edgar/data/315213/000119312506162473/d10q.htm
0,2006-03-31,RHI,2006-05-05,2006-05-05 16:20:20,Q1,943924000,550720000,393204000,0.41656319788457546,0.0,287482000,0.0,0.0,0.0,838348000,0.0,0.0,120683000,0.12785245422300948,105576000,0.11555273517783211,0.0,109073000,0.11555273517783211,43570000,65503000,0.0693943580203491,0.39,0.38,167390000,173974000,https://www.sec.gov/Archives/edgar/data/315213/000119312506046180/d10k.htm,https://www.sec.gov/Archives/edgar/data/315213/000119312506046180/d10k.htm
0,2005-12-31,RHI,2006-03-06,2006-03-06 16:46:55,Q4,884765000,517841000,366924000,0.41471351149740326,0.0,263657000,0.0,0.0,0.0,781592000,0.0,0.0,125835000,0.14222420642769548,103173000,0.12090555119155934,0.0,106973000,0.12090555119155934,42364000,64609000,0.073023910303866,0.0,0.0,0.0,0.0,https://www.sec.gov/Archives/edgar/data/315213/000119312506046180/d10k.htm,https://www.sec.gov/Archives/edgar/data/315213/000119312506046180/d10k.htm
0,2005-09-30,RHI,2005-11-04,2005-11-04 16:51:45,Q3,867015000,511005000,356010000,0.41061573329181156,0.0,253445000,0.0,0.0,0.0,764543000,0.0,0.0,124423000,0.14350732109594413,102472000,0.12184448942636517,0.0,105641000,0.12184448942636517,41202000,64439000,0.07432282025109138,0.39,0.37,166553000,174219000,https://www.sec.gov/Archives/edgar/data/315213/000119312505217002/d10q.htm,https://www.sec.gov/Archives/edgar/data/315213/000119312505217002/d10q.htm
0,2005-06-30,RHI,2005-08-03,2005-08-03 17:07:39,Q2,816711000,480430000,336281000,0.4117503009020327,0.0,244071000,0.0,0.0,0.0,724575000,0.0,0.0,109694000,0.1343118924564503,92136000,0.11544230456060957,0.0,94283000,0.11544230456060957,37054000,57229000,0.07007252259367144,0.34,0.33,167285000,172387000,https://www.sec.gov/Archives/edgar/data/315213/000119312505156403/d10q.htm,https://www.sec.gov/Archives/edgar/data/315213/000119312505156403/d10q.htm
0,2005-03-31,RHI,2005-05-05,2005-05-05 17:26:32,Q1,769948000,456114000,313834000,0.407604149890642,0.0,230315000,0.0,0.0,0.0,686503000,0.0,0.0,101088000,0.13129198335472006,83445000,0.110756830331399,0.0,85277000,0.110756830331399,33684000,51593000,0.06700842134793518,0.3,0.29,169898000,176207000,https://www.sec.gov/Archives/edgar/data/315213/000119312505035210/d10k.htm,https://www.sec.gov/Archives/edgar/data/315213/000119312505035210/d10k.htm
0,2004-12-31,RHI,2005-02-23,2005-02-23 17:01:07,Q4,754197000,450889000,303308000,0.4021601783088503,0.0,222119000,0.0,0.0,0.0,673107000,0.0,0.0,99481000,0.13190320300929334,81090000,0.10919560804405215,0.0,82355000,0.10919560804405215,32688000,49667000,0.06585414686083345,0.0,0.0,0.0,0.0,https://www.sec.gov/Archives/edgar/data/315213/000119312505035210/d10k.htm,https://www.sec.gov/Archives/edgar/data/315213/000119312505035210/d10k.htm
0,2004-09-30,RHI,2004-11-09,2004-11-08 20:24:07,Q3,707987000,425652000,282335000,0.39878557092149997,0.0,212155000,0.0,0.0,0.0,637906000,0.0,0.0,88029000,0.12433702878725174,70081000,0.10057811795979305,0.0,71208000,0.10057811795979305,28128000,43080000,0.0608485749032115,0.25,0.24,170041000,176636000,https://www.sec.gov/Archives/edgar/data/315213/000119312504189905/d10q.htm,https://www.sec.gov/Archives/edgar/data/315213/000119312504189905/d10q.htm
0,2004-06-30,RHI,2004-08-05,2004-08-05 12:23:49,Q2,641230000,386598000,254632000,0.3970993247352744,0.0,198977000,0.0,0.0,0.0,586313000,0.0,0.0,72494000,0.11305459819409572,54917000,0.08680348704832899,0.0,55661000,0.08680348704832899,23220000,32441000,0.05059183132417385,0.19,0.18,170742105,180227778,https://www.sec.gov/Archives/edgar/data/315213/000119312504132326/d10q.htm,https://www.sec.gov/Archives/edgar/data/315213/000119312504132326/d10q.htm
0,2004-03-31,RHI,2004-05-06,2004-05-06 14:10:29,Q1,572282000,356255000,216027000,0.3774834784249723,0.0,191131000,0.0,0.0,0.0,547475000,0.0,0.0,43199000,0.07548551238724964,24807000,0.04445535592592463,0.0,25441000,0.04445535592592463,10025000,15416000,0.026937768442830634,0.09,0.09,171288889,171288889,https://www.sec.gov/Archives/edgar/data/315213/000104746904006986/a2124746z10-k.htm,https://www.sec.gov/Archives/edgar/data/315213/000104746904006986/a2124746z10-k.htm
0,2003-12-31,RHI,2004-03-08,2004-03-08 17:22:38,Q4,517664000,325064000,192600000,0.372056005439822,0.0,183342000,0.0,0.0,0.0,510358000,0.0,0.0,23182000,0.04478194350003091,7306000.0,0.015353588428015083,0.0,7948000.0,0.015353588428015083,3100000.0,4848000.0,0.009365148049700192,0.0,0.0,0.0,0.0,https://www.sec.gov/Archives/edgar/data/315213/000104746904006986/a2124746z10-k.htm,https://www.sec.gov/Archives/edgar/data/315213/000104746904006986/a2124746z10-k.htm
0,2003-09-30,RHI,2003-11-13,2003-11-13 13:29:25,Q3,501137000,314026000,187111000,0.37337294991190034,0.0,176097000,0.0,0.0,0.0,492914000,0.0,0.0,25214000,0.05031358690338171,8223000.0,0.01758600941459122,0.0,8813000.0,0.01758600941459122,3966000.0,4847000.0,0.009672005858677368,0.03,0.03,161566667,161566667,https://www.sec.gov/Archives/edgar/data/315213/000104746903037208/a2119421z10-q.htm,https://www.sec.gov/Archives/edgar/data/315213/000104746903037208/a2119421z10-q.htm
0,2003-06-30,RHI,2003-07-31,2003-07-31 14:54:25,Q2,482962000,305587000,177375000,0.3672649193932442,0.0,175002000,0.0,0.0,0.0,483348000,0.0,0.0,16114000,0.03336494382580824,-386000.0,0.0004223934802323992,0.0,204000.0,0.0004223934802323992,70000.0,134000.0,0.00027745454093696813,0.000786,0.000786,171950000,171950000,https://www.sec.gov/Archives/edgar/data/315213/000104746903025703/a2113112z10-q.htm,https://www.sec.gov/Archives/edgar/data/315213/000104746903025703/a2113112z10-q.htm
0,2003-03-31,RHI,2003-05-14,2003-05-14 15:38:29,Q1,473228000,303576000,169652000,0.35849949707117923,0.0,172908000,0.0,0.0,0.0,479259000,0.0,0.0,10506000,0.022200715088709883,-6031000.0,-0.011094018105437548,0.0,-5250000.0,-0.011094018105437548,-1811000.0,-3439000.0,-0.0072671101456380435,-0.02,-0.02,171950000,171950000,https://www.sec.gov/Archives/edgar/data/315213/000104746903010372/a2095565z10-k.htm,https://www.sec.gov/Archives/edgar/data/315213/000104746903010372/a2095565z10-k.htm
0,2002-12-31,RHI,2003-03-26,2003-03-26 17:19:51,Q4,478581000,307301000,171280000,0.35789134963569386,0.0,180736000,0.0,0.0,0.0,490774000,0.0,0.0,5637000.0,0.011778570398741278,-12193000,-0.023818329603557183,0.0,-11399000,-0.023818329603557183,-4332000.0,-7067000.0,-0.014766570340234986,0.0,0.0,0.0,0.0,https://www.sec.gov/Archives/edgar/data/315213/000104746903010372/a2095565z10-k.htm,https://www.sec.gov/Archives/edgar/data/315213/000104746903010372/a2095565z10-k.htm
0,2002-09-30,RHI,2002-11-13 00:00:00,2002-11-13 17:17:37,Q3,484778000,309342000,175436000,0.3618893596656614,0.0,178731000,0.0,0.0,0.0,490758000,0.0,0.0,12856000,0.026519355251269652,-5980000.0,-0.01021911060320394,0.0,-4954000.0,-0.01021911060320394,-1882000.0,-3072000.0,-0.0063369212299238,-0.02,-0.02,153600000,153600000,https://www.sec.gov/Archives/edgar/data/315213/000091205702042195/0000912057-02-042195-index.html,https://www.sec.gov/Archives/edgar/data/315213/000091205702042195/a2091572z10-q.htm
0,2002-06-30,RHI,2002-08-13 00:00:00,2002-08-13 17:26:51,Q2,473121000,290003000,183118000,0.38704263814119433,0.0,178564000,0.0,0.0,0.0,469426000,0.0,0.0,22115000,0.04674279941072157,3695000.0,0.010891505555661237,0.0,5153000.0,0.010891505555661237,1958000.0,3195000.0,0.006753029351899409,0.02,0.02,159750000,159750000,https://www.sec.gov/Archives/edgar/data/315213/000091205702031644/0000912057-02-031644-index.html,https://www.sec.gov/Archives/edgar/data/315213/000091205702031644/a2083915z10-q.htm
0,2002-03-31,RHI,2002-05-13 00:00:00,2002-05-13 12:52:34,Q1,468471000,283570000,184901000,0.3946903863846428,0.0,171511000,0.0,0.0,0.0,455081000,0.0,0.0,30612000,0.06534449304225876,13390000,0.03137227277675673,0.0,14697000,0.03137227277675673,5585000.0,9112000.0,0.019450510277050234,0.05,0.05,182240000,182240000,https://www.sec.gov/Archives/edgar/data/315213/000091205702019812/0000912057-02-019812-index.html,https://www.sec.gov/Archives/edgar/data/315213/000091205702019812/a2075847z10-q.htm
0,2001-12-31,RHI,2002-03-18,2002-03-18 00:00:00,Q4,510483000,308219000,202264000,0.3962208339944719,0.0,181982000,0.0,0.0,0.0,491534000,0.0,0.0,37979000,0.07439816800951256,18949000,0.040281458932031035,0.0,20563000,0.040281458932031035,7876000.0,12687000,0.02485293339836978,0.0,0.0,0.0,0.0,https://www.sec.gov/Archives/edgar/data/315213/000091205702010203/a2066962z10-k405.htm,https://www.sec.gov/Archives/edgar/data/315213/000091205702010203/a2066962z10-k405.htm
0,2001-09-30,RHI,2001-11-07 00:00:00,2001-11-07 00:00:00,Q3,574690000,344125000,230565000,0.4011989072369451,0.0,193960000,0.0,0.0,0.0,539418000,0.0,0.0,54468000,0.09477805425533765,35272000,0.0652804120482347,0.0,37516000,0.0652804120482347,14369000,23147000,0.04027736692825697,0.13,0.13,178053846,178053846,https://www.sec.gov/Archives/edgar/data/315213/000091205701537961/0000912057-01-537961-index.html,https://www.sec.gov/Archives/edgar/data/315213/000091205701537961/a2060274z10-q.htm
0,2001-06-30,RHI,2001-07-31 00:00:00,2001-07-31 00:00:00,Q2,648404000,375641000,272763000,0.42066828705560116,0.0,212552000,0.0,0.0,0.0,589526000,0.0,0.0,77212000,0.11908007970339479,58878000,0.09427455722049834,0.0,61128000,0.09427455722049834,23412000,37716000,0.058167438819007905,0.22,0.21,171436364,179600000,https://www.sec.gov/Archives/edgar/data/315213/000091205701525947/0000912057-01-525947-index.html,https://www.sec.gov/Archives/edgar/data/315213/000091205701525947/a2053706z10-q.txt
0,2001-03-31,RHI,2001-05-09 00:00:00,2001-05-09 00:00:00,Q1,719273000,408287000,310986000,0.43236156508029633,0.0,234984000,0.0,0.0,0.0,644607000,0.0,0.0,91222000,0.1268252805263092,74666000,0.10715959030854766,0.0,77077000,0.10715959030854766,29520000,47557000,0.06611814985408879,0.27,0.26,176137037,182911538,https://www.sec.gov/Archives/edgar/data/315213/000091205701513968/0000912057-01-513968-index.html,https://www.sec.gov/Archives/edgar/data/315213/000091205701513968/a2044619z10-q.txt
0,2000-12-31,RHI,,,Q4,705888000,387598000,318290000,0.45090722607552475,0.0,228842000,0.0,0.0,0.0,631752000,0.0,0.0,89448000,0.12671698626410988,74136000,0.10985028786436375,0.0,77542000,0.10985028786436375,29699000,47843000,0.0677770411170044,0.0,0.0,0.0,0.0,,
0,2000-09-30,RHI,2000-11-13 00:00:00,2000-11-13 00:00:00,Q3,689585000,380729000,308856000,0.44788677247909975,0.0,219880000,0.0,0.0,0.0,614848000,0.0,0.0,88976000,0.12902832863243835,74737000,0.11290268784848859,0.0,77856000,0.11290268784848859,29819000,48037000,0.06966073798008947,0.27,0.26,177914815,184757692,https://www.sec.gov/Archives/edgar/data/315213/000091205700049011/0000912057-00-049011-index.html,https://www.sec.gov/Archives/edgar/data/315213/000091205700049011/a2027456z10-q.txt
0,2000-06-30,RHI,2000-08-02 00:00:00,2000-08-02 00:00:00,Q2,671000000,369127000,301873000,0.44988524590163936,0.0,214752000,0.0,0.0,0.0,597537000,0.0,0.0,87121000,0.1298375558867362,73463000,0.11314605067064083,0.0,75921000,0.11314605067064083,29078000,46843000,0.0698107302533532,0.26,0.25,180165385,187372000,https://www.sec.gov/Archives/edgar/data/315213/000091205700034283/0000912057-00-034283-index.html,https://www.sec.gov/Archives/edgar/data/315213/000091205700034283/a10-q.txt
0,2000-03-31,RHI,2000-05-11 00:00:00,2000-05-11 00:00:00,Q1,632846000,349620000,283226000,0.4475433201758406,0.0,200944000,0.0,0.0,0.0,563994000,0.0,0.0,82282000,0.13001899356241486,68852000,0.1110981186576197,0.0,70308000,0.1110981186576197,26928000,43380000,0.0685474823258739,0.245,0.235,177061224,184595745,https://www.sec.gov/Archives/edgar/data/315213/000091205700023283/0000912057-00-023283-index.html,https://www.sec.gov/Archives/edgar/data/315213/0000912057-00-023283.txt
0,1999-12-31,RHI,,,Q4,569800000,321600000,248200000,0.4355914355914356,0.0,176000000,0.0,0.0,0.0,508700000,0.0,0.0,72200000,0.12671112671112672,61100000,0.10968760968760968,0.0,62500000,0.10968760968760968,24900000,37600000,0.06598806598806599,0.0,0.0,0.0,0.0,,
0,1999-09-30,RHI,1999-11-10 00:00:00,1999-11-10 00:00:00,Q3,529500000,298700000,230800000,0.4358829084041549,0.0,164700000,0.0,0.0,0.0,474000000,0.0,0.0,66100000,0.12483474976392823,55500000,0.10802644003777148,0.0,57200000,0.10802644003777148,22700000,34500000,0.06515580736543909,0.19,0.19,181578947,181578947,https://www.sec.gov/Archives/edgar/data/315213/000091205799004465/0000912057-99-004465-index.html,https://www.sec.gov/Archives/edgar/data/315213/0000912057-99-004465.txt
0,1999-06-30,RHI,1999-08-11 00:00:00,1999-08-11 00:00:00,Q2,497100000,284500000,212600000,0.42768054717360693,0.0,148700000,0.0,0.0,0.0,442700000,0.0,0.0,62400000,0.1255280627640314,54400000,0.11245222289277812,1500000.0,55900000,0.11245222289277812,22000000,33900000,0.06819553409776705,0.19,0.19,178421053,178421053,https://www.sec.gov/Archives/edgar/data/315213/000104746999030956/0001047469-99-030956-index.html,https://www.sec.gov/Archives/edgar/data/315213/0001047469-99-030956.txt
0,1999-03-31,RHI,1999-05-11 00:00:00,1999-05-11 00:00:00,Q1,485000000,280400000,204600000,0.4218556701030928,0.0,139000000,0.0,0.0,0.0,427300000,0.0,0.0,64300000,0.13257731958762886,57700000,0.12164948453608247,1300000.0,59000000,0.12164948453608247,23700000,35300000,0.07278350515463917,0.2,0.19,176500000,185789474,https://www.sec.gov/Archives/edgar/data/315213/000104746999019325/0001047469-99-019325-index.html,https://www.sec.gov/Archives/edgar/data/315213/0001047469-99-019325.txt
0,1998-12-31,RHI,,,Q4,478900000,279500000,199400000,0.4163708498642723,0.0,134100000,0.0,0.0,0.0,420800000,0.0,0.0,64100000,0.13384840258926706,58100000,0.12382543328461057,1200000.0,59300000,0.12382543328461057,24000000,35300000,0.07371058676132804,0.0,0.0,0.0,0.0,,
0,1998-09-30,RHI,1998-11-13 00:00:00,1998-11-13 00:00:00,Q3,470700000,275500000,195200000,0.41470150839175696,0.0,132000000,0.0,0.0,0.0,413900000,0.0,0.0,61500000,0.13065646908859146,56800000,0.12449543233482048,1700000.0,58600000,0.12449543233482048,23600000,35000000,0.07435734013171871,0.19,0.19,184210526,184210526,https://www.sec.gov/Archives/edgar/data/315213/000104746998040718/0001047469-98-040718-index.html,https://www.sec.gov/Archives/edgar/data/315213/0001047469-98-040718.txt
0,1998-06-30,RHI,1998-08-05 00:00:00,1998-08-05 00:00:00,Q2,442200000,259900000,182300000,0.4122568973315242,0.0,123600000,0.0,0.0,0.0,389300000,0.0,0.0,57200000,0.12935323383084577,52900000,0.12302125734961555,1500000.0,54400000,0.12302125734961555,22100000,32300000,0.07304387155133424,0.18,0.17,179444444,190000000,https://www.sec.gov/Archives/edgar/data/315213/000104746998029432/0001047469-98-029432-index.html,https://www.sec.gov/Archives/edgar/data/315213/0001047469-98-029432.txt
0,1998-03-31,RHI,1998-05-12 00:00:00,1998-05-12 00:00:00,Q1,401300000,236400000,164900000,0.4109145277846997,0.0,112000000,0.0,0.0,0.0,353600000,0.0,0.0,51700000,0.1288312982805881,47700000,0.1221031647146773,1200000.0,49000000,0.1221031647146773,19900000,29100000,0.07251432843259407,0.16,0.16,181875000,181875000,https://www.sec.gov/Archives/edgar/data/315213/000104746998019413/0001047469-98-019413-index.html,https://www.sec.gov/Archives/edgar/data/315213/0001047469-98-019413.txt
0,1997-12-31,RHI,,,Q4,368500000,218500000,150000000,0.40705563093622793,0.0,100500000,0.0,0.0,0.0,324000000,0.0,0.0,48100000,0.1305291723202171,44500000,0.12401628222523745,1400000.0,45700000,0.12401628222523745,18800000,26900000,0.07299864314789688,0.0,0.0,0.0,0.0,,
0,1997-09-30,RHI,1997-11-10 00:00:00,1997-11-10 00:00:00,Q3,339800000,201200000,138600000,0.4078869923484403,0.0,93400000,0.0,0.0,0.0,299200000,0.0,0.0,44000000,0.12948793407886994,40600000,0.12271924661565627,1200000.0,41700000,0.12271924661565627,17100000,24600000,0.07239552678045909,0.14,0.13,175714286,189230769,https://www.sec.gov/Archives/edgar/data/315213/000104746997003454/0001047469-97-003454-index.html,https://www.sec.gov/Archives/edgar/data/315213/0001047469-97-003454.txt
0,1997-06-30,RHI,1997-08-08 00:00:00,1997-08-08 00:00:00,Q2,311600000,184400000,127200000,0.40821566110397944,0.0,86200000,0.0,0.0,0.0,274900000,0.0,0.0,40100000,0.1286906290115533,36700000,0.12066752246469833,900000.0,37600000,0.12066752246469833,15400000,22200000,0.07124518613607189,0.12,0.12,185000000,185000000,https://www.sec.gov/Archives/edgar/data/315213/000091205797026465/0000912057-97-026465-index.html,https://www.sec.gov/Archives/edgar/data/315213/0000912057-97-026465.txt
0,1997-03-31,RHI,1997-05-08 00:00:00,1997-05-08 00:00:00,Q1,283000000,168500000,114500000,0.4045936395759717,0.0,77600000,0.0,0.0,0.0,249900000,0.0,0.0,36200000,0.12791519434628976,33100000,0.11943462897526502,700000.0,33800000,0.11943462897526502,13900000,19900000,0.07031802120141342,0.11,0.11,180909091,180909091,https://www.sec.gov/Archives/edgar/data/315213/000091205797016028/0000912057-97-016028-index.html,https://www.sec.gov/Archives/edgar/data/315213/0000912057-97-016028.txt
0,1996-12-31,RHI,,,Q4,258800000,155700000,103100000,0.3983771251931994,0.0,70400000,0.0,0.0,0.0,229600000,0.0,0.0,32100000,0.12403400309119011,29200000,0.1151468315301391,600000.0,29800000,0.1151468315301391,12100000,17700000,0.06839258114374035,0.0,0.0,0.0,0.0,,
0,1996-09-30,RHI,1996-11-13 00:00:00,1996-11-13 00:00:00,Q3,233000000,139400000,93600000,0.40171673819742487,0.0,64000000,0.0,0.0,0.0,206600000,0.0,0.0,29000000,0.12446351931330472,26400000,0.11587982832618025,600000.0,27000000,0.11587982832618025,11100000,15900000,0.06824034334763948,0.09,0.09,176666667,176666667,https://www.sec.gov/Archives/edgar/data/315213/000091205796026070/0000912057-96-026070-index.html,https://www.sec.gov/Archives/edgar/data/315213/0000912057-96-026070.txt
0,1996-06-30,RHI,1996-08-09 00:00:00,1996-08-09 00:00:00,Q2,210600000,125400000,85200000,0.4045584045584046,0.0,58900000,0.0,0.0,0.0,187000000,0.0,0.0,25700000,0.12203228869895537,23600000,0.11490978157644824,600000.0,24200000,0.11490978157644824,10000000,14200000,0.06742640075973409,0.08,0.08,177500000,177500000,https://www.sec.gov/Archives/edgar/data/315213/000091205796016747/0000912057-96-016747-index.html,https://www.sec.gov/Archives/edgar/data/315213/0000912057-96-016747.txt
0,1996-03-31,RHI,1996-05-13 00:00:00,1996-05-13 00:00:00,Q1,196200000,118400000,77800000,0.3965341488277268,0.0,53200000,0.0,0.0,0.0,174100000,0.0,0.0,24200000,0.12334352701325178,22100000,0.11416921508664628,400000.0,22400000,0.11416921508664628,9200000.0,13200000,0.0672782874617737,0.08,0.08,165000000,165000000,https://www.sec.gov/Archives/edgar/data/315213/000091205796009085/0000912057-96-009085-index.html,https://www.sec.gov/Archives/edgar/data/315213/0000912057-96-009085.txt
0,1995-12-31,RHI,1996-03-25 00:00:00,1996-03-25 00:00:00,Q4,175900000,106700000,69200000,0.39340534394542354,0.0,47400000,0.0,0.0,0.0,156500000,0.0,0.0,21800000,0.12393405343945424,19400000,0.11199545196134167,0.0,19700000,0.11199545196134167,8200000.0,11500000,0.06537805571347356,0.0,0.0,0.0,0.0,https://www.sec.gov/Archives/edgar/data/315213/000091205796005084/0000912057-96-005084-index.html,https://www.sec.gov/Archives/edgar/data/315213/0000912057-96-005084.txt
0,1995-09-30,RHI,1995-11-03 00:00:00,1995-11-03 00:00:00,Q3,159300000,96300000,63000000,0.3954802259887006,0.0,43400000,0.0,0.0,0.0,141700000,0.0,0.0,19400000,0.12178279974890144,17600000,0.11236660389202763,400000.0,17900000,0.11236660389202763,7400000.0,10500000,0.06591337099811675,0.06,0.06,175000000,175000000,https://www.sec.gov/Archives/edgar/data/315213/000091205795009300/0000912057-95-009300-index.html,https://www.sec.gov/Archives/edgar/data/315213/0000912057-95-009300.txt
0,1995-06-30,RHI,1995-08-04 00:00:00,1995-08-04 00:00:00,Q2,148600000,90100000,58500000,0.3936742934051144,0.0,40600000,0.0,0.0,0.0,132600000,0.0,0.0,17800000,0.11978465679676985,16000000,0.10834454912516824,100000.0,16100000,0.10834454912516824,6700000.0,9400000.0,0.063257065948856,0.06,0.06,156666667,156666667,https://www.sec.gov/Archives/edgar/data/315213/000091205795005954/0000912057-95-005954-index.html,https://www.sec.gov/Archives/edgar/data/315213/0000912057-95-005954.txt
0,1995-03-31,RHI,1995-05-09 00:00:00,1995-05-09 00:00:00,Q1,144700000,87900000,56800000,0.3925362819626814,0.0,39300000,0.0,0.0,0.0,129100000,0.0,0.0,17500000,0.12093987560469938,15600000,0.10711817553559087,0.0,15500000,0.10711817553559087,6500000.0,9000000.0,0.06219765031098825,0.06,0.06,150000000,150000000,https://www.sec.gov/Archives/edgar/data/315213/000091205795003396/0000912057-95-003396-index.html,https://www.sec.gov/Archives/edgar/data/315213/0000912057-95-003396.txt
0,1994-12-31,RHI,,,Q4,125000000,76000000,49000000,0.392,0.0,34100000,0.0,0.0,0.0,111900000,0.0,0.0,14900000,0.1192,13100000,0.1032,0.0,12900000,0.1032,5400000.0,7500000.0,0.06,0.0,0.0,0.0,0.0,,
0,1994-09-30,RHI,1994-10-31 00:00:00,1994-10-31 00:00:00,Q3,114900000,69700000,45200000,0.39338555265448216,0.0,31500000,0.0,0.0,0.0,103000000,0.0,0.0,13700000,0.11923411662315056,11900000,0.10095735422106179,0.0,11600000,0.10095735422106179,4900000.0,6700000.0,0.058311575282854654,0.04,0.04,167500000,167500000,https://www.sec.gov/Archives/edgar/data/315213/000091205794003604/0000912057-94-003604-index.html,https://www.sec.gov/Archives/edgar/data/315213/0000912057-94-003604.txt
0,1994-06-30,RHI,1994-08-12 00:00:00,1994-08-12 00:00:00,Q2,106500000,64400000,42100000,0.39530516431924884,0.0,28900000,0.0,0.0,0.0,95200000,0.0,0.0,13200000,0.12394366197183099,11300000,0.10234741784037558,0.0,10900000,0.10234741784037558,4600000.0,6300000.0,0.059154929577464786,0.04,0.04,157500000,157500000,https://www.sec.gov/Archives/edgar/data/315213/000091205794002625/0000912057-94-002625-index.html,https://www.sec.gov/Archives/edgar/data/315213/0000912057-94-002625.txt
0,1994-03-31,RHI,1994-05-09 00:00:00,1994-05-09 00:00:00,Q1,99900000,60700000,39200000,0.3923923923923924,0.0,27200000,0.0,0.0,0.0,89600000,0.0,0.0,12000000,0.12012012012012012,10300000,0.0980980980980981,0.0,9800000.0,0.0980980980980981,4200000.0,5600000.0,0.056056056056056056,0.04,0.04,140000000,140000000,https://www.sec.gov/Archives/edgar/data/315213/000091205794001612/0000912057-94-001612-index.html,https://www.sec.gov/Archives/edgar/data/315213/0000912057-94-001612.txt
