,date,symbol,fillingDate,acceptedDate,period,revenue,costOfRevenue,grossProfit,grossProfitRatio,researchAndDevelopmentExpenses,generalAndAdministrativeExpenses,sellingAndMarketingExpenses,otherExpenses,operatingExpenses,costAndExpenses,interestExpense,depreciationAndAmortization,ebitda,ebitdaratio,operatingIncome,operatingIncomeRatio,totalOtherIncomeExpensesNet,incomeBeforeTax,incomeBeforeTaxRatio,incomeTaxExpense,netIncome,netIncomeRatio,eps,epsdiluted,weightedAverageShsOut,weightedAverageShsOutDil,link,finalLink
0,2020-07-31,KFY,2020-09-08 00:00:00,2020-09-08 15:52:39,Q1,346883000,17055000,329828000,0.950834,0.0,331101000,0.0,277118000,373623000,390678000,4606000.0,15035000,-19864000,-0.057264,-43795000,-0.126253,-338000.0,-39527000,-0.113949,-8672000.0,-30833000,-0.088886,-0.57887,-0.57887,53264000,53264000,https://www.sec.gov/Archives/edgar/data/56679/000156459020042790/0001564590-20-042790-index.htm,https://www.sec.gov/Archives/edgar/data/56679/000156459020042790/kfy-10q_20200731.htm
0,2020-04-30,KFY,2020-07-15 00:00:00,2020-07-15 13:23:33,Q4,448976000,28022000,420954000,0.937587,0.0,343305000,0.0,365717000,398727000.00000006,426749000.00000006,-13498000,14956000.000000004,5613000.000000003,0.012502,22227000,0.049506,-4393000.0,4336000.0,0.009658,4957000.0,-802000.0,-0.001786,-0.01498,-0.01498,53535000,53535000,https://www.sec.gov/Archives/edgar/data/56679/000156459020032398/0001564590-20-032398-index.htm,https://www.sec.gov/Archives/edgar/data/56679/000156459020032398/kfy-10k_20200430.htm
0,2020-01-31,KFY,2020-03-11 00:00:00,2020-03-11 15:54:50,Q3,527979000,43476000,484503000,0.917656,0.0,419952000,0.0,341678000,452908000,496384000,-1719000.0,14862999.999999996,41911999.99999999,0.079382,31595000,0.059841,-145000.0,29731000,0.056311,8775000.0,19993000,0.037867,0.36844,0.36844,54264000,54264000,https://www.sec.gov/Archives/edgar/data/56679/000156459020010042/0001564590-20-010042-index.html,https://www.sec.gov/Archives/edgar/data/56679/000156459020010042/kfy-10q_20200131.htm
0,2019-10-31,KFY,2019-12-06 00:00:00,2019-12-06 15:28:34,Q2,1000375000,58986000,941389000,0.941036,0.0,793694000,0.0,333172000,819186000,878172000,-5167000.0,12715000.000000002,123516000,0.12347,122203000,0.122157,-141000.0,116895000,0.116851,30213000,85755000,0.085723,1.5696,1.5696,54635000,54635000,https://www.sec.gov/Archives/edgar/data/56679/000156459019045456/0001564590-19-045456-index.html,https://www.sec.gov/Archives/edgar/data/56679/000156459019045456/kfy-10q_20191031.htm
0,2019-07-31,KFY,2019-09-06,2019-09-06 15:26:24,Q1,496198000,28784000,467414000,0.941991,0.0,394303000,0.0,324439000,407080000,435864000,-4055100.0,12777000,66125900,0.133265,60334000,0.121593,1824100.0,58103000,0.117096,14453000,42951000,0.08656,0.77201,0.77201,55635000,55635000,https://www.sec.gov/Archives/edgar/data/56679/000156459019024039/kfy-10k_20190430.htm,https://www.sec.gov/Archives/edgar/data/56679/000156459019024039/kfy-10k_20190430.htm
0,2019-04-30,KFY,2019-06-28 00:00:00,2019-06-28 15:02:08,Q4,502535000,32246000,470289000,0.935833,0.0,396015000,0.0,423154000,408014000,440260000,2631000.0,11998999.999999994,80295000,0.15978,62275000,0.123922,1122000.0,66028000,0.13139,15401000,50264000,0.100021,0.90013,0.90013,55841000,55841000,https://www.sec.gov/Archives/edgar/data/56679/000156459019024039/0001564590-19-024039-index.html,https://www.sec.gov/Archives/edgar/data/56679/000156459019024039/kfy-10k_20190430.htm
0,2019-01-31,KFY,2019-03-11 00:00:00,2019-03-11 15:06:11,Q3,486172000,28734000,457438000,0.940897,0.0,383014000,0.0,317553000,394755000,423489000,-2082000.0,11741000.000000004,70043000,0.14407,62683000,0.128932,263000.0,60864000,0.12519,15420000,44964000,0.092486,0.80649,0.80649,55753000,55753000,https://www.sec.gov/Archives/edgar/data/56679/000156459019007156/0001564590-19-007156-index.html,https://www.sec.gov/Archives/edgar/data/56679/000156459019007156/kfy-10q_20190131.htm
0,2018-10-31,KFY,2018-12-07 00:00:00,2018-12-07 12:05:56,Q2,506793000,31215000,475578000,0.938407,0.0,393573000,0.0,331498000,404591000,435806000,463000.0,11049000,72379000,0.142818,70987000,0.140071,-9300000.0,62150000,0.122634,14833000,46034000,0.090834,0.81854,0.81854,56239000,56239000,https://www.sec.gov/Archives/edgar/data/56679/000156459018030656/0001564590-18-030656-index.html,https://www.sec.gov/Archives/edgar/data/56679/000156459018030656/kfy-10q_20181031.htm
0,2018-07-31,KFY,2018-09-07 00:00:00,2018-09-07 16:21:05,Q1,478400000,31100000,447200000,0.934783,0.0,490600000,0.0,317802000,502400000,533500000,-8100000.0,11700000,-51100000,-0.106814,-55100000,-0.115176,8500000.0,-54700000,-0.114339,-16100000,-38600000,-0.080686,-0.69675,-0.69675,55400000,55400000,https://www.sec.gov/Archives/edgar/data/56679/000095012318009341/0000950123-18-009341-index.html,https://www.sec.gov/Archives/edgar/data/56679/000095012318009341/kfy-10q_20180731.htm
0,2018-04-30,KFY,2018-06-28 00:00:00,2018-06-28 15:55:45,Q4,488400000,33500000,454900000,0.931409,0.0,379900000,0.0,329099000,391600000,425100000,8500000.0,11700000.000000004,76300000,0.156224,63300000,0.129607,-13600000,58200000,0.119165,14900000,41200000,0.084357,0.73179,0.73179,56300000,56300000,https://www.sec.gov/Archives/edgar/data/56679/000119312518207569/0001193125-18-207569-index.html,https://www.sec.gov/Archives/edgar/data/56679/000119312518207569/d532692d10k.htm
0,2018-01-31,KFY,2018-03-09 00:00:00,2018-03-09 16:01:09,Q3,460800000,30700000,430100000,0.933377,0.0,369300000,0.0,321275000,381400000.00000006,412100000.00000006,-2700000.0,12200000,52500000,0.113932,48600000,0.105469,7700000.0,53600000,0.116319,15800000,27200000,0.059028,0.48571,0.48571,56000000,56000000,https://www.sec.gov/Archives/edgar/data/56679/000119312518077278/0001193125-18-077278-index.html,https://www.sec.gov/Archives/edgar/data/56679/000119312518077278/d503930d10q.htm
0,2017-10-31,KFY,2017-12-08 00:00:00,2017-12-08 14:41:39,Q2,455500000,32300000,423100000,0.928869,0.0,359600000,0.0,310914000,371900000,404200000,-2600000.0,12500000,61800000,0.135675,51200000,0.112404,3600000.0,52300000,0.114819,15600000,36300000,0.079693,0.64821,0.64821,56000000,56000000,https://www.sec.gov/Archives/edgar/data/56679/000119312517364804/0001193125-17-364804-index.html,https://www.sec.gov/Archives/edgar/data/56679/000119312517364804/d414806d10q.htm
0,2017-07-31,KFY,2017-09-08 00:00:00,2017-09-08 14:08:08,Q1,414900000,29500000,385400000,0.928899,0.0,332200000,0.0,284957000,344700000,374200000,-2700000.0,12200000,50700000,0.122198,40700000,0.098096,3500000.0,41600000,0.100265,12200000,29000000,0.069896,0.51693,0.51693,56100000,56100000,https://www.sec.gov/Archives/edgar/data/56679/000119312517280351/0001193125-17-280351-index.html,https://www.sec.gov/Archives/edgar/data/56679/000119312517280351/d432048d10q.htm
0,2017-04-30,KFY,2017-06-28 00:00:00,2017-06-28 15:08:25,Q4,419600000,32800000,386800000,0.92183,0.0,335400000,0.0,286963000,354000000,386800000,1600000.0,12299999.999999996,48200000,0.114871,32800000,0.07817,500000.0,35000000,0.083413,7400000.0,26900000,0.064109,0.47359,0.47359,56800000,56800000,https://www.sec.gov/Archives/edgar/data/56679/000119312517216289/0001193125-17-216289-index.html,https://www.sec.gov/Archives/edgar/data/56679/000119312517216289/d348240d10k.htm
0,2017-01-31,KFY,2017-03-10 00:00:00,2017-03-10 15:15:01,Q3,394200000,28800000,365400000,0.926941,0.0,319300000,0.0,272313000,334900000,363700000,1500000.0,11800000,45300000,0.114916,30500000,0.077372,300000.0,32300000,0.081938,8100000.0,23900000,0.060629,0.42152,0.42152,56700000,56700000,https://www.sec.gov/Archives/edgar/data/56679/000119312517078657/0001193125-17-078657-index.html,https://www.sec.gov/Archives/edgar/data/56679/000119312517078657/d317397d10q.htm
0,2016-10-31,KFY,2016-12-09 00:00:00,2016-12-09 14:49:09,Q2,415000000,31900000,383000000,0.922892,0.0,324700000,0.0,225053000,336500000,368400000,-2000000.0,11799999.999999998,51900000,0.12506,46500000,0.112048,-1600000.0,42900000,0.103373,11900000,30200000,0.072771,0.52705,0.52705,57300000,57300000,https://www.sec.gov/Archives/edgar/data/56679/000119312516789564/0001193125-16-789564-index.html,https://www.sec.gov/Archives/edgar/data/56679/000119312516789564/d254336d10q.htm
0,2016-07-31,KFY,2016-09-09 00:00:00,2016-09-09 16:03:04,Q1,392900000,34100000,358800000,0.913209,0.0,318300000,0.0,333075000,354299999.99999994,388399999.99999994,-600000.0,11400000,15700000,0.039959,4500000.0,0.011453,1800000.0,5700000.0,0.014508,1700000.0,3200000.0,0.008145,0.05624,0.05624,56900000,56900000,https://www.sec.gov/Archives/edgar/data/56679/000119312516706448/0001193125-16-706448-index.html,https://www.sec.gov/Archives/edgar/data/56679/000119312516706448/d125100d10q.htm
0,2016-04-30,KFY,2016-06-28 00:00:00,2016-06-28 15:48:39,Q4,417200000,38200000,379000000,0.908437,0.0,342200000,0.0,338750000,374100000,412300000,7100000.0,11300000.000000004,30000000.000000004,0.071908,4800000.0,0.011505,0.0,11900000,0.028523,5700000.0,5900000.0,0.014142,0.10406,0.10406,56700000,56700000,https://www.sec.gov/Archives/edgar/data/56679/000119312516634657/0001193125-16-634657-index.html,https://www.sec.gov/Archives/edgar/data/56679/000119312516634657/d194822d10k.htm
0,2016-01-31,KFY,2016-03-10 00:00:00,2016-03-10 16:35:19,Q3,358900000,32200000,326700000,0.910281,0.0,278300000,0.0,315551000,340700000,372900000,-7500000.0,10299999.999999998,-18600000,-0.051825,-14100000,-0.039287,0.0,-21500000,-0.059905,-5400000.0,-16000000,-0.044581,-0.2963,-0.2963,54000000,54000000,https://www.sec.gov/Archives/edgar/data/56679/000119312516500206/0001193125-16-500206-index.html,https://www.sec.gov/Archives/edgar/data/56679/000119312516500206/d101221d10q.htm
0,2015-10-31,KFY,2015-12-10 00:00:00,2015-12-10 14:39:16,Q2,291300000,22000000,269400000,0.92482,0.0,224200000,0.0,217763000,240300000,262300000,-3000000.0,7199999.999999999,30600000,0.105046,29000000,0.099554,-100000.0,25800000,0.088568,8400000.0,18000000,0.061792,0.31972,0.31972,56300000,56300000,https://www.sec.gov/Archives/edgar/data/56679/000119312515400008/0001193125-15-400008-index.html,https://www.sec.gov/Archives/edgar/data/56679/000119312515400008/d26141d10q.htm
0,2015-07-31,KFY,2015-09-09 00:00:00,2015-09-09 16:12:22,Q1,279300000,22100000,257300000,0.921232,0.0,216900000,0.0,208940000,224300000,246400000,400000.0,7400000.0,41100000,0.147154,32900000,0.117794,-800000.0,32500000,0.116362,10200000,23100000,0.082707,0.462,0.462,50000000,50000000,https://www.sec.gov/Archives/edgar/data/56679/000119312515315902/0001193125-15-315902-index.html,https://www.sec.gov/Archives/edgar/data/56679/000119312515315902/d92513d10q.htm
0,2015-04-30,KFY,2015-06-26 00:00:00,2015-06-26 16:17:50,Q4,282200000,22300000,259800000,0.920624,0.0,224500000,0.0,212424000,231799999.99999997,254099999.99999997,-400000.0,7200000.000000003,39400000,0.139617,28100000,0.099575,4400000.0,32100000,0.113749,7100000.0,25500000,0.090361,0.50898,0.50898,50100000,50100000,https://www.sec.gov/Archives/edgar/data/56679/000119312515237143/0001193125-15-237143-index.html,https://www.sec.gov/Archives/edgar/data/56679/000119312515237143/d901216d10k.htm
0,2015-01-31,KFY,2015-03-11,2015-03-11 16:12:08,Q3,258900000,18000000,240900000,0.930475,0.0,201600000,0.0,189177000,207900000,225900000,-1714000.0,6899999.999999999,37686000,0.145562,32900000,0.127076,-1500000.0,31700000,0.122441,9600000.0,22900000,0.088451,0.46076,0.46076,49700000,49700000,https://www.sec.gov/Archives/edgar/data/56679/000119312515087350/d860605d10q.htm,https://www.sec.gov/Archives/edgar/data/56679/000119312515087350/d860605d10q.htm
0,2014-10-31,KFY,2014-12-10 00:00:00,2014-12-10 15:18:34,Q2,264700000,18700000,246000000,0.929354,0.0,204800000,0.0,200156000,211600000.00000003,230300000.00000003,920000.0,6700000.0,43920000,0.165924,34400000,0.129958,2400000.0,35900000,0.135625,10900000,25400000,0.095958,0.50497,0.50497,50300000,50300000,https://www.sec.gov/Archives/edgar/data/56679/000119312514438860/0001193125-14-438860-index.html,https://www.sec.gov/Archives/edgar/data/56679/000119312514438860/d792871d10q.htm
0,2014-07-31,KFY,2014-09-09 00:00:00,2014-09-09 15:02:24,Q1,260300000,18600000,241700000,0.928544,0.0,206500000,0.0,204364000,223100000,241700000,794000.0,6800000.0,27994000,0.107545,18600000,0.071456,2200000.0,20000000,0.076834,5900000.0,14500000,0.055705,0.29234,0.29234,49600000,49600000,https://www.sec.gov/Archives/edgar/data/56679/000119312514336575/0001193125-14-336575-index.html,https://www.sec.gov/Archives/edgar/data/56679/000119312514336575/d761593d10q.htm
0,2014-04-30,KFY,2014-06-27 00:00:00,2014-06-27 16:08:41,Q4,260800000,19300000,241500000,0.925997,0.0,209700000,0.0,197209000,217000000,236300000,261000.0,7300000.000000001,34461000,0.132136,24500000,0.093942,2000000.0,26200000,0.10046,5700000.0,21200000,0.081288,0.42742,0.42742,49600000,49600000,https://www.sec.gov/Archives/edgar/data/56679/000119312514253292/0001193125-14-253292-index.html,https://www.sec.gov/Archives/edgar/data/56679/000119312514253292/d709942d10k.htm
0,2014-01-31,KFY,2014-03-11,2014-03-11 16:49:22,Q3,250900000,17800000,233100000,0.929055,0.0,199500000,0.0,186370000,205799999.99999997,223599999.99999997,873000.0,6399999.999999999,35273000,0.140586,27300000,0.108808,1100000.0,27600000,0.110004,6700000.0,21300000,0.084894,0.43293,0.43293,49200000,49200000,https://www.sec.gov/Archives/edgar/data/56679/000119312514093853/d647948d10q.htm,https://www.sec.gov/Archives/edgar/data/56679/000119312514093853/d647948d10q.htm
0,2013-10-31,KFY,2013-12-09 00:00:00,2013-12-09 17:13:25,Q2,246200000,19400000,226800000,0.921202,0.0,197100000,0.0,187277000,203700000,223100000,638000.0,6600000.0,34738000,0.141097,23200000,0.094232,4400000.0,26900000,0.109261,8700000.0,18800000,0.076361,0.38525,0.38525,48800000,48800000,https://www.sec.gov/Archives/edgar/data/56679/000119312513466957/0001193125-13-466957-index.html,https://www.sec.gov/Archives/edgar/data/56679/000119312513466957/d600034d10q.htm
0,2013-07-31,KFY,2013-09-06 00:00:00,2013-09-06 14:44:29,Q1,237600000,18700000,218900000,0.921296,0.0,192600000,0.0,181055000,202200000.00000003,220900000.00000003,591000.0,5900000.0,25291000,0.106444,16700000,0.070286,2300000.0,18300000,0.07702,7400000.0,11400000,0.04798,0.23505,0.23505,48500000,48500000,https://www.sec.gov/Archives/edgar/data/56679/000119312513359698/0001193125-13-359698-index.html,https://www.sec.gov/Archives/edgar/data/56679/000119312513359698/d578356d10q.htm
0,2013-04-30,KFY,2013-06-25 00:00:00,2013-06-25 14:34:38,Q4,238600000,19800000,218800000,0.917016,0.0,194600000,0.0,183119000,203399999.99999997,223199999.99999997,644000.0,5900000.0,24344000,0.102028,15400000,0.064543,2500000.0,17200000,0.072087,5600000.0,12200000,0.051132,0.25259,0.25259,48300000,48300000,https://www.sec.gov/Archives/edgar/data/56679/000119312513270364/0001193125-13-270364-index.html,https://www.sec.gov/Archives/edgar/data/56679/000119312513270364/d522249d10k.htm
0,2013-01-31,KFY,2013-03-12 00:00:00,2013-03-12 15:24:59,Q3,210300000,16300000,193900000,0.922016,0.0,175700000,0.0,165651000,185299999.99999997,201599999.99999997,360000.0,5100000.0,17760000,0.084451,8700000.0,0.041369,3300000.0,11600000,0.055159,2800000.0,9500000.0,0.045174,0.19792,0.19792,48000000,48000000,https://www.sec.gov/Archives/edgar/data/56679/000119312513103009/0001193125-13-103009-index.html,https://www.sec.gov/Archives/edgar/data/56679/000119312513103009/d459803d10q.htm
0,2012-10-31,KFY,2012-12-10 00:00:00,2012-12-10 17:03:11,Q2,204800000,15900000,188900000,0.922363,0.0,166400000,0.0,168713000,186100000,202000000,762000.0,4300000.0,8962000.0,0.04376,2800000.0,0.013672,1500000.0,3500000.0,0.01709,2700000.0,1200000.0,0.005859,0.0251,0.0251,47800000,47800000,https://www.sec.gov/Archives/edgar/data/56679/000119312512497094/0001193125-12-497094-index.html,https://www.sec.gov/Archives/edgar/data/56679/000119312512497094/d430512d10q.htm
0,2012-07-31,KFY,2012-09-10 00:00:00,2012-09-10 16:29:28,Q1,196000000,13800000,182200000,0.929592,0.0,161500000,0.0,145571000,165200000,179000000,599000.0,3700000.0,20299000,0.103566,17000000,0.086735,-1000000.0,15400000,0.078571,5600000.0,10400000,0.053061,0.21803,0.21803,47700000,47700000,https://www.sec.gov/Archives/edgar/data/56679/000119312512386640/0001193125-12-386640-index.html,https://www.sec.gov/Archives/edgar/data/56679/000119312512386640/d383287d10q.htm
0,2012-04-30,KFY,2012-06-22 00:00:00,2012-06-22 17:02:14,Q4,207600000,14300000,193300000,0.931118,0.0,174300000,0.0,605021000,177899999.99999997,192199999.99999997,1791000.0,3599999.9999999995,23591000,0.113637,15400000,0.074181,2800000.0,17600000,0.084778,6200000.0,12000000,0.057803,0.2537,0.2537,47300000,47300000,https://www.sec.gov/Archives/edgar/data/56679/000119312512280691/0001193125-12-280691-index.html,https://www.sec.gov/Archives/edgar/data/56679/000119312512280691/d290281d10k.htm
0,2012-01-31,KFY,2012-03-12 00:00:00,2012-03-12 16:51:45,Q3,194600000,13000000,181600000,0.933196,0.0,161000000,0.0,143216000,165500000,178500000,-300000.0,3600000.0000000005,21000000,0.107914,16200000,0.083248,1600000.0,17500000,0.089928,6000000.0,11700000,0.060123,0.24736,0.24736,47300000,47300000,https://www.sec.gov/Archives/edgar/data/56679/000119312512109821/0001193125-12-109821-index.html,https://www.sec.gov/Archives/edgar/data/56679/000119312512109821/d273662d10q.htm
0,2011-10-31,KFY,2011-12-12 00:00:00,2011-12-12 15:09:05,Q2,210000000,15400000,194600000,0.926667,0.0,165700000,0.0,150392000,169200000,184600000,-400000.0,3400000.0,25800000,0.122857,25400000,0.120952,-2600000.0,22400000,0.106667,7700000.0,15100000,0.071905,0.32059,0.32059,47100000,47100000,https://www.sec.gov/Archives/edgar/data/56679/000119312511338011/0001193125-11-338011-index.html,https://www.sec.gov/Archives/edgar/data/56679/000119312511338011/d234742d10q.htm
0,2011-07-31,KFY,2011-09-09 00:00:00,2011-09-09 16:39:56,Q1,214600000,13100000,201500000,0.938956,0.0,172100000,0.0,153875000,175500000,188600000,-600000.0,3400000.0,26600000,0.123952,25900000,0.12069,-2000000.0,23300000,0.108574,8400000.0,15400000,0.071761,0.32558,0.32558,47300000,47300000,https://www.sec.gov/Archives/edgar/data/56679/000119312511244603/0001193125-11-244603-index.html,https://www.sec.gov/Archives/edgar/data/56679/000119312511244603/d205744d10q.htm
0,2011-04-30,KFY,2011-06-29 00:00:00,2011-06-29 17:20:54,Q4,205800000,13700000,192100000,0.933431,0.0,162500000,0.0,150548000,165800000,179500000,-100000.0,3299999.999999999,32800000,0.159378,26200000,0.127308,3100000.0,29300000,0.142371,9300000.0,20300000,0.098639,0.43008,0.43008,47200000,47200000,https://www.sec.gov/Archives/edgar/data/56679/000095012311062884/0000950123-11-062884-index.html,https://www.sec.gov/Archives/edgar/data/56679/000095012311062884/v59165e10vk.htm
0,2011-01-31,KFY,2011-03-14,2011-03-14 16:09:56,Q3,194100000,12800000,181400000,0.93457,0.0,157600000,0.0,142083000,160799999.99999997,173599999.99999997,-400000.0,3300000.000000001,25500000,0.131376,20500000,0.105616,1900000.0,22000000,0.113344,8600000.0,14000000,0.072128,0.29979,0.29979,46700000,46700000,https://www.sec.gov/Archives/edgar/data/56679/000095012311025185/c11230e10vq.htm,https://www.sec.gov/Archives/edgar/data/56679/000095012311025185/c11230e10vq.htm
0,2010-10-31,KFY,2010-12-10 00:00:00,2010-12-10 16:03:29,Q2,193200000,13200000,180000000,0.931677,0.0,154900000,0.0,146066000,160200000.00000003,173400000.00000003,-1300000.0,3099999.9999999995,23800000,0.123188,19800000,0.102484,2900000.0,21400000,0.110766,8300000.0,13700000,0.070911,0.29847,0.29847,45900000,45900000,https://www.sec.gov/Archives/edgar/data/56679/000095012310112810/0000950123-10-112810-index.html,https://www.sec.gov/Archives/edgar/data/56679/000095012310112810/c08272e10vq.htm
0,2010-07-31,KFY,2010-09-09 00:00:00,2010-09-09 17:01:31,Q1,183200000,12100000,171100000,0.933952,0.0,148800000,0.0,135275000,151800000,163900000,-800000.0,3000000.0,19600000,0.106987,19300000,0.105349,-1500000.0,17000000,0.092795,6500000.0,10900000,0.059498,0.23799,0.23799,45800000,45800000,https://www.sec.gov/Archives/edgar/data/56679/000095012310084953/0000950123-10-084953-index.html,https://www.sec.gov/Archives/edgar/data/56679/000095012310084953/c05396e10vq.htm
0,2010-04-30,KFY,2010-06-29 00:00:00,2010-06-29 16:56:11,Q4,176900000,13500000,163400000,0.923686,0.0,146700000,0.0,134849000,149800000,163300000,6668000.0,3099999.9999999995,24868000,0.140577,13600000,0.07688,3000000.0,15700000,0.088751,6200000.0,8900000.0,0.050311,0.19264,0.19264,46200000,46200000,https://www.sec.gov/Archives/edgar/data/56679/000095012310062331/0000950123-10-062331-index.html,https://www.sec.gov/Archives/edgar/data/56679/000095012310062331/v56576e10vk.htm
0,2010-01-31,KFY,2010-03-12 00:00:00,2010-03-12 15:48:29,Q3,152900000,9800000.0,143100000,0.935906,0.0,134300000,0.0,114882000,136700000,146500000,-1345000.0,2700000.0,9055000.0,0.059222,6400000.0,0.041857,1300000.0,7300000.0,0.047744,-200000.0,7900000.0,0.051668,0.17249,0.17249,45800000,45800000,https://www.sec.gov/Archives/edgar/data/56679/000095012310024117/0000950123-10-024117-index.html,https://www.sec.gov/Archives/edgar/data/56679/000095012310024117/c97670e10vq.htm
0,2009-10-31,KFY,2009-12-10 00:00:00,2009-12-10 11:51:52,Q2,146600000,9500000.0,137100000,0.935198,0.0,129200000,0.0,117174000,134800000,144300000,-1259000.0,2900000.0000000005,5241000.0,0.03575,2200000.0,0.015007,1700000.0,3400000.0,0.023192,900000.0,2700000.0,0.018417,0.0596,0.0596,45300000,45300000,https://www.sec.gov/Archives/edgar/data/56679/000095012309069761/0000950123-09-069761-index.html,https://www.sec.gov/Archives/edgar/data/56679/000095012309069761/c93512e10vq.htm
0,2009-07-31,KFY,2009-09-09 00:00:00,2009-09-09 16:57:58,Q1,123300000,8800000.0,114500000,0.928629,0.0,118400000,0.0,120186000,139399999.99999997,148199999.99999997,-1442000.0,2800000.0,-20342000,-0.16498,-25000000,-0.202758,4000000.0,-21700000,-0.175994,-7400000.0,-14300000,-0.115977,-0.32648,-0.32648,43800000,43800000,https://www.sec.gov/Archives/edgar/data/56679/000095012309042120/0000950123-09-042120-index.html,https://www.sec.gov/Archives/edgar/data/56679/000095012309042120/c89998e10vq.htm
0,2009-04-30,KFY,2009-06-29 00:00:00,2009-06-29 16:53:56,Q4,114400000,10300000,104100000,0.909965,0.0,106300000,0.0,115116000,135000000,145300000,-1839000.0,3000000.0,-27939000,-0.244222,-30900000,-0.270105,0.0,-29200000,-0.255245,-11900000,-17200000,-0.15035,-0.3954,-0.3954,43500000,43500000,https://www.sec.gov/Archives/edgar/data/56679/000095012309018674/0000950123-09-018674-index.html,https://www.sec.gov/Archives/edgar/data/56679/000095012309018674/v52992e10vk.htm
0,2009-01-31,KFY,2009-03-12 00:00:00,2009-03-12 15:56:10,Q3,144500000,11000000,133500000,0.923875,0.0,124900000,0.0,124788000,160100000,171100000,-1267000.0,2899999.9999999995,-25267000,-0.174858,-26600000,-0.184083,0.0,-27300000,-0.188927,-4500000.0,-22400000,-0.155017,-0.51613,-0.51613,43400000,43400000,https://www.sec.gov/Archives/edgar/data/56679/000136231009003659/0001362310-09-003659-index.html,https://www.sec.gov/Archives/edgar/data/56679/000136231009003659/c82345e10vq.htm
0,2008-10-31,KFY,2008-12-10 00:00:00,2008-12-10 16:51:50,Q2,199700000,13300000,186400000,0.9334,0.0,162100000,0.0,145926000,164899999.99999997,178199999.99999997,-1080000.0,2900000.0000000005,23020000,0.115273,21500000,0.107661,0.0,20300000,0.101652,7600000.0,13600000,0.068102,0.30425,0.30425,44700000,44700000,https://www.sec.gov/Archives/edgar/data/56679/000136231008008057/0001362310-08-008057-index.html,https://www.sec.gov/Archives/edgar/data/56679/000136231008008057/c78135e10vq.htm
0,2008-07-31,KFY,2008-09-09 00:00:00,2008-09-09 17:20:42,Q1,217500000,14700000,202700000,0.931954,0.0,176200000,0.0,159688000,179000000,193700000,-1224000.0,2800000.0,26776000,0.123108,23800000,0.109425,0.0,24100000,0.110805,9300000.0,15900000,0.073103,0.3573,0.3573,44500000,44500000,https://www.sec.gov/Archives/edgar/data/56679/000136231008005072/0001362310-08-005072-index.html,https://www.sec.gov/Archives/edgar/data/56679/000136231008005072/c75137e10vq.htm
0,2008-04-30,KFY,2008-06-30 00:00:00,2008-06-30 17:17:49,Q4,220500000,16100000,204400000,0.926984,0.0,181400000,0.0,166898000,184200000.00000003,200300000.00000003,-1117000.0,2700000.0,23583000,0.106952,20200000,0.09161,0.0,21200000,0.096145,6300000.0,15700000,0.071202,0.3544,0.3544,44300000,44300000,https://www.sec.gov/Archives/edgar/data/56679/000095013708009024/0000950137-08-009024-index.html,https://www.sec.gov/Archives/edgar/data/56679/000095013708009024/v41738e10vk.htm
0,2008-01-31,KFY,2008-03-11,2008-03-11 17:06:09,Q3,212100000,14300000,197800000,0.932579,0.0,173800000,0.0,155656000,176600000,190900000,-1248000.0,2800000.0,27252000,0.128487,21200000,0.099953,0.0,25000000,0.117869,9400000.0,16300000,0.076851,0.36795,0.36795,44300000,44300000,https://www.sec.gov/Archives/edgar/data/56679/000136231008001339/c72620e10vq.htm,https://www.sec.gov/Archives/edgar/data/56679/000136231008001339/c72620e10vq.htm
0,2007-10-31,KFY,2007-12-10 00:00:00,2007-12-10 16:49:00,Q2,206800000,14300000,192500000,0.930851,0.0,164600000,0.0,147230000,167100000,181400000,-1215000.0,2500000.0000000005,28385000,0.137258,25400000,0.122824,0.0,26200000,0.126692,10000000,17100000,0.082689,0.37336,0.37336,45800000,45800000,https://www.sec.gov/Archives/edgar/data/56679/000119312507262351/0001193125-07-262351-index.html,https://www.sec.gov/Archives/edgar/data/56679/000119312507262351/d10q.htm
0,2007-07-31,KFY,2007-09-10 00:00:00,2007-09-10 14:31:58,Q1,196300000,14100000,182200000,0.928171,0.0,154700000,0.0,139463000,157100000,171200000,-1232000.0,2400000.0,28668000,0.146042,25100000,0.127866,0.0,26600000,0.135507,10400000,17100000,0.087112,0.36306,0.36306,47100000,47100000,https://www.sec.gov/Archives/edgar/data/56679/000119312507198119/0001193125-07-198119-index.html,https://www.sec.gov/Archives/edgar/data/56679/000119312507198119/d10q.htm
0,2007-04-30,KFY,2007-06-29 00:00:00,2007-06-29 16:25:37,Q4,189800000,13600000,176100000,0.927819,0.0,154700000,0.0,144528000,156800000,170400000,-2508000.0,2100000.0000000005,20092000,0.105859,19400000,0.102213,0.0,19900000,0.104847,7000000.0,13500000,0.071128,0.28541,0.28541,47300000,47300000,https://www.sec.gov/Archives/edgar/data/56679/000119312507147340/0001193125-07-147340-index.html,https://www.sec.gov/Archives/edgar/data/56679/000119312507147340/d10k.htm
0,2007-01-31,KFY,2007-03-12,2007-03-12 17:02:24,Q3,173500000,10400000,163100000,0.940058,0.0,139100000,0.0,125294000,141700000,152100000,-2548000.0,2500000.0,22752000,0.131135,21400000,0.123343,0.0,22100000,0.127378,8100000.0,14700000,0.084726,0.31013,0.31013,47400000,47400000,https://www.sec.gov/Archives/edgar/data/56679/000119312507052298/d10q.htm,https://www.sec.gov/Archives/edgar/data/56679/000119312507052298/d10q.htm
0,2006-10-31,KFY,2006-12-11,2006-12-11 15:15:39,Q2,164800000,10900000,153800000,0.933252,0.0,130300000,0.0,115379000,132700000,143600000,-2603000.0,2400000.0000000005,20897000,0.126802,21100000,0.128034,0.0,20300000,0.12318,7500000.0,13600000,0.082524,0.29185,0.29185,46600000,46600000,https://www.sec.gov/Archives/edgar/data/56679/000119312506250501/d10q.htm,https://www.sec.gov/Archives/edgar/data/56679/000119312506250501/d10q.htm
0,2006-07-31,KFY,2006-09-08,2006-09-08 15:05:35,Q1,161100000,9700000.0,151400000,0.939789,0.0,128800000,0.0,116433000,131100000.00000001,140800000.00000003,-2513000.0,2300000.0,21087000,0.130894,20300000,0.126009,0.0,20300000,0.126009,7600000.0,13700000,0.08504,0.29274,0.29274,46800000,46800000,https://www.sec.gov/Archives/edgar/data/56679/000119312506146974/d10k.htm,https://www.sec.gov/Archives/edgar/data/56679/000119312506146974/d10k.htm
0,2006-04-30,KFY,2006-07-14,2006-07-14 16:16:23,Q4,152900000,9400000.0,143600000,0.939176,0.0,120500000,0.0,106859000,122900000,132300000,-2653000.0,2400000.0000000005,20447000,0.133728,20600000,0.134729,0.0,20200000,0.132112,400000.0,20300000,0.132767,0.43008,0.43008,47200000,47200000,https://www.sec.gov/Archives/edgar/data/56679/000119312506146974/d10k.htm,https://www.sec.gov/Archives/edgar/data/56679/000119312506146974/d10k.htm
0,2006-01-31,KFY,2006-03-10,2006-03-10 17:03:05,Q3,136800000,7700000.0,129100000,0.943713,0.0,108200000,0.0,96798000,110399999.99999999,118099999.99999999,-2510000.0,2199999.999999999,22690000,0.165863,18700000,0.136696,0.0,22500000,0.164474,6400000.0,16600000,0.121345,0.34947,0.34947,47500000,47500000,https://www.sec.gov/Archives/edgar/data/56679/000119312506051167/d10q.htm,https://www.sec.gov/Archives/edgar/data/56679/000119312506051167/d10q.htm
0,2005-10-31,KFY,2005-12-09,2005-12-09 15:12:54,Q2,132900000,7400000.0,125500000,0.944319,0.0,105200000,0.0,90834000,107399999.99999999,114799999.99999999,-7560000.0,2200000.0,11840000,0.08909,18100000,0.136193,0.0,16700000,0.125658,6300000.0,10900000,0.082017,0.23093,0.23093,47200000,47200000,https://www.sec.gov/Archives/edgar/data/56679/000119312505239930/d10q.htm,https://www.sec.gov/Archives/edgar/data/56679/000119312505239930/d10q.htm
0,2005-07-31,KFY,2005-09-09,2005-09-09 14:24:31,Q1,129100000,7500000.0,121600000,0.941905,0.0,100700000,0.0,87634000,102900000,110400000,2479000.0,2200000.0,22679000,0.17567,18700000,0.144849,0.0,17600000,0.136328,6400000.0,11600000,0.089853,0.24839,0.24839,46700000,46700000,https://www.sec.gov/Archives/edgar/data/56679/000119312505141734/d10k.htm,https://www.sec.gov/Archives/edgar/data/56679/000119312505141734/d10k.htm
0,2005-04-30,KFY,2005-07-14,2005-07-13 19:37:41,Q4,131000000,7700000.0,123300000,0.941221,0.0,103000000,0.0,93845000,104700000,112400000,-2442000.0,1700000.0000000002,15958000,0.121817,18600000,0.141985,0.0,17900000,0.136641,5000000.0,11700000,0.089313,0.25546,0.25546,45800000,45800000,https://www.sec.gov/Archives/edgar/data/56679/000119312505141734/d10k.htm,https://www.sec.gov/Archives/edgar/data/56679/000119312505141734/d10k.htm
0,2005-01-31,KFY,2005-03-11,2005-03-11 17:15:04,Q3,123600000,6800000.0,116800000,0.944984,0.0,97400000,0.0,83782000,99700000,106500000,-2749000.0,2300000.0,15251000,0.12339,17100000,0.13835,0.0,15200000,0.122977,5900000.0,9800000.0,0.079288,0.20851,0.20851,47000000,47000000,https://www.sec.gov/Archives/edgar/data/56679/000119312505048035/d10q.htm,https://www.sec.gov/Archives/edgar/data/56679/000119312505048035/d10q.htm
0,2004-10-31,KFY,2004-12-10,2004-12-10 15:49:38,Q2,113500000,5500000.0,108000000,0.951542,0.0,90400000,0.0,76669000,92600000,98100000,-7825000.0,2200000.0,7975000.0,0.070264,15500000,0.136564,0.0,13100000,0.115419,4900000.0,8700000.0,0.076652,0.1879,0.1879,46300000,46300000,https://www.sec.gov/Archives/edgar/data/56679/000119312504211076/d10q.htm,https://www.sec.gov/Archives/edgar/data/56679/000119312504211076/d10q.htm
0,2004-07-31,KFY,2004-09-09,2004-09-09 15:36:32,Q1,108200000,5600000.0,102500000,0.94732,0.0,85700000,0.0,72756000,88000000,93600000,2553000.0,2200000.0,17653000,0.163152,14600000,0.134935,0.0,12400000,0.114603,4500000.0,8400000.0,0.077634,0.18301,0.18301,45900000,45900000,https://www.sec.gov/Archives/edgar/data/56679/000119312504118203/d10k.htm,https://www.sec.gov/Archives/edgar/data/56679/000119312504118203/d10k.htm
0,2004-04-30,KFY,2004-07-14,2004-07-14 16:38:00,Q4,103700000,6800000.0,97000000,0.935391,0.0,83500000,0.0,73833000,85600000.00000001,92400000.00000001,-2110000.0,2200000.0,10090000,0.0973,11300000,0.108968,0.0,9700000.0,0.093539,1500000.0,8500000.0,0.081967,0.21684,0.21684,39200000,39200000,https://www.sec.gov/Archives/edgar/data/56679/000119312504118203/d10k.htm,https://www.sec.gov/Archives/edgar/data/56679/000119312504118203/d10k.htm
0,2004-01-31,KFY,2004-03-12,2004-03-12 17:22:17,Q3,86700000,5500000.0,81100000,0.935409,0.0,72300000,0.0,61715000,74900000,80400000,-2370000.0,2500000.0,4730000.0,0.054556,6200000.0,0.071511,0.0,4500000.0,0.051903,700000.0,3900000.0,0.044983,0.09606,0.09606,40600000,40600000,https://www.sec.gov/Archives/edgar/data/56679/000119312504040714/d10q.htm,https://www.sec.gov/Archives/edgar/data/56679/000119312504040714/d10q.htm
0,2003-10-31,KFY,2003-12-12,2003-12-12 17:28:59,Q2,82000000,5500000.0,76500000,0.932927,0.0,68800000,0.0,59315000,71300000,76800000,-7845000.0,2500000.0,-2645000.0,-0.032256,5200000.0,0.063415,0.0,2500000.0,0.030488,500000.0,2200000.0,0.026829,0.05542,0.05542,39700000,39700000,https://www.sec.gov/Archives/edgar/data/56679/000119312503093732/d10q.htm,https://www.sec.gov/Archives/edgar/data/56679/000119312503093732/d10q.htm
0,2003-07-31,KFY,2003-09-15,2003-09-15 17:23:50,Q1,78300000,5800000.0,72500000,0.925926,0.0,68100000,0.0,68427000,79400000,85200000,2422000.0,2800000.0,-3678000.0,-0.046973,-6900000.0,-0.088123,0.0,-9200000.0,-0.117497,500000.0,-9400000.0,-0.120051,-0.25134,-0.25134,37400000,37400000,https://www.sec.gov/Archives/edgar/data/56679/000119312503022198/d10k.htm,https://www.sec.gov/Archives/edgar/data/56679/000119312503022198/d10k.htm
0,2003-04-30,KFY,2003-07-22,2003-07-22 15:44:12,Q4,82400000,6000000.0,76400000,0.927184,0.0,71400000,0.0,278663000,75200000,81200000,-2565000.0,5099999.999999998,1334999.999999998,0.016201,1100000.0,0.01335,0.0,-1900000.0,-0.023058,500000.0,-1700000.0,-0.020631,-0.04545,-0.04545,37400000,37400000,https://www.sec.gov/Archives/edgar/data/56679/000119312503022198/d10k.htm,https://www.sec.gov/Archives/edgar/data/56679/000119312503022198/d10k.htm
0,2003-01-31,KFY,2003-03-17,2003-03-17 14:15:11,Q3,80700000,5200000.0,75400000,0.934325,0.0,71200000,0.0,0.0,75300000,80500000,-2804000.0,4000000.000000001,-903999.999999999,-0.011202,200000.0,0.002478,0.0,-2400000.0,-0.02974,500000.0,-2600000.0,-0.032218,-0.06933,-0.06933,37500000,37500000,https://www.sec.gov/Archives/edgar/data/56679/000089843003001931/d10q.htm,https://www.sec.gov/Archives/edgar/data/56679/000089843003001931/d10q.htm
0,2002-10-31,KFY,2002-12-12,2002-12-12 17:20:59,Q2,85700000,5800000.0,79900000,0.932322,0.0,75500000,0.0,0.0,95800000,101600000,-2497000.0,4000000.0,-15997000,-0.186663,-15900000,-0.185531,0.0,-17900000,-0.208868,500000.0,-18000000,-0.210035,-0.47745,-0.47745,37700000,37700000,https://www.sec.gov/Archives/edgar/data/56679/000089843002004478/d10q.htm,https://www.sec.gov/Archives/edgar/data/56679/000089843002004478/d10q.htm
0,2002-07-31,KFY,2002-09-16 00:00:00,2002-09-13 18:22:34,Q1,89800000,6100000.0,83700000,0.932071,0.0,78200000,0.0,0.0,82400000,88500000,-2656000.0,4300000.0,1644000.0,0.018307,1300000.0,0.014477,0.0,-400000.0,-0.004454,600000.0,-600000.0,-0.006682,-0.01592,-0.01592,37700000,37700000,https://www.sec.gov/Archives/edgar/data/56679/000102140802011820/0001021408-02-011820-index.html,https://www.sec.gov/Archives/edgar/data/56679/000102140802011820/d10q.htm
0,2002-04-30,KFY,2002-07-29 00:00:00,2002-07-29 17:29:17,Q4,93100000,6000000.0,87100000,0.935553,0.0,84400000,0.0,0.0,97700000,103700000,-2572000.0,4300000.000000001,-10971999.999999998,-0.117852,-10600000,-0.113856,0.0,-12600000,-0.135338,600000.0,-13300000,-0.142857,-0.35372,-0.35372,37600000,37600000,https://www.sec.gov/Archives/edgar/data/56679/000089843002002695/0000898430-02-002695-index.html,https://www.sec.gov/Archives/edgar/data/56679/000089843002002695/d10k.htm
0,2002-01-31,KFY,2002-03-18 00:00:00,2002-03-18 00:00:00,Q3,92800000,5400000.0,87400000,0.94181,0.0,86700000,0.0,0.0,90899999.99999999,96299999.99999999,-1900000.0,4100000.0,-3000000.0,-0.032328,-3500000.0,-0.037716,0.0,-5400000.0,-0.05819,2100000.0,-7300000.0,-0.078664,-0.19467,-0.19467,37500000,37500000,https://www.sec.gov/Archives/edgar/data/56679/000102140802003754/0001021408-02-003754-index.html,https://www.sec.gov/Archives/edgar/data/56679/000102140802003754/d10q.htm
0,2001-10-31,KFY,2001-12-17 00:00:00,2001-12-17 00:00:00,Q2,107400000,6900000.0,100600000,0.936685,0.0,97600000,0.0,0.0,137299999.99999997,144199999.99999997,-1500000.0,5000000.0,-34400000,-0.320298,-36800000,-0.342644,0.0,-38300000,-0.356611,-7000000.0,-30900000,-0.287709,-0.824,-0.824,37500000,37500000,https://www.sec.gov/Archives/edgar/data/56679/000095013101504545/0000950131-01-504545-index.html,https://www.sec.gov/Archives/edgar/data/56679/000095013101504545/d10q.txt
0,2001-07-31,KFY,2001-09-14 00:00:00,2001-09-14 00:00:00,Q1,113500000,7600000.0,105900000,0.93304,0.0,107200000,0.0,0.0,160600000,168200000,-700000.0,4000000.0,-51700000,-0.455507,-54800000,-0.482819,0.0,-55500000,-0.488987,-8100000.0,-46900000,-0.413216,-1.24734,-1.24734,37600000,37600000,https://www.sec.gov/Archives/edgar/data/56679/000102140801506764/0001021408-01-506764-index.html,https://www.sec.gov/Archives/edgar/data/56679/000102140801506764/d10q.txt
0,2001-04-30,KFY,2001-07-30 00:00:00,2001-07-30 00:00:00,Q4,149400000,0.0,0.0,0.0,0.0,133500000,0.0,0.0,133500000,133500000,400000.0,7299999.999999999,22700000,0.151941,15800000,0.105756,0.0,16200000,0.108434,7000000.0,8000000.0,0.053548,0.21164,0.21164,37800000,37800000,https://www.sec.gov/Archives/edgar/data/56679/000102140801504080/0001021408-01-504080-index.html,https://www.sec.gov/Archives/edgar/data/56679/000102140801504080/d10k.txt
0,2001-01-31,KFY,2001-03-19 00:00:00,2001-03-19 00:00:00,Q3,157200000,0.0,0.0,0.0,0.0,142200000,0.0,0.0,142200000,142200000,-1600000.0,6799999.999999999,17700000,0.112595,15000000,0.09542,0.0,13400000,0.085242,5600000.0,6900000.0,0.043893,0.17829,0.17829,38700000,38700000,https://www.sec.gov/Archives/edgar/data/56679/000094420901500022/0000944209-01-500022-index.html,https://www.sec.gov/Archives/edgar/data/56679/000094420901500022/d10q.txt
0,2000-10-31,KFY,2000-12-15 00:00:00,2000-12-15 00:00:00,Q2,173600000,0.0,0.0,0.0,0.0,160000000,0.0,0.0,160000000,160000000,-1500000.0,7000000.0,16500000,0.095046,13600000,0.078341,0.0,12100000,0.0697,4900000.0,6100000.0,0.035138,0.15601,0.15601,39100000,39100000,https://www.sec.gov/Archives/edgar/data/56679/000089843000003830/0000898430-00-003830-index.html,https://www.sec.gov/Archives/edgar/data/56679/000089843000003830/0000898430-00-003830-0001.txt
0,2000-07-31,KFY,2000-09-15 00:00:00,2000-09-15 00:00:00,Q1,173600000,0.0,0.0,0.0,0.0,155100000,0.0,0.0,155100000,155100000,0.0,5800000.000000001,23600000,0.135945,18500000,0.106567,0.0,18600000,0.107143,7800000.0,10000000,0.057604,0.2611,0.2611,38300000,38300000,https://www.sec.gov/Archives/edgar/data/56679/000089843000002693/0000898430-00-002693-index.html,https://www.sec.gov/Archives/edgar/data/56679/000089843000002693/0000898430-00-002693-0001.txt
0,2000-04-30,KFY,2000-07-31 00:00:00,2000-07-31 00:00:00,Q4,157600000,0.0,0.0,0.0,0.0,139100000,0.0,0.0,139100000,139100000,700000.0,4500000.0,23500000,0.149112,18400000,0.116751,0.0,19100000,0.121193,7900000.0,10400000,0.06599,0.26943,0.26943,38600000,38600000,https://www.sec.gov/Archives/edgar/data/56679/000094420900001206/0000944209-00-001206-index.html,https://www.sec.gov/Archives/edgar/data/56679/000094420900001206/0000944209-00-001206-0001.txt
0,2000-01-31,KFY,,,Q3,122100000,0.0,0.0,0.0,0.0,107500000,0.0,0.0,107500000,107500000,800000.0,3800000.0000000005,19400000,0.158886,14600000,0.119574,0.0,15400000,0.126126,6500000.0,8300000.0,0.067977,0.22133,0.22133,37500000,37500000,,
0,1999-10-31,KFY,1999-12-15 00:00:00,1999-12-15 00:00:00,Q2,116300000,0.0,0.0,0.0,0.0,104800000,0.0,0.0,104800000,104800000,800000.0,2599999.9999999995,15100000,0.129837,11500000,0.098882,0.0,12300000,0.105761,5200000.0,6500000.0,0.05589,0.17426,0.17426,37300000,37300000,https://www.sec.gov/Archives/edgar/data/56679/000094420999001905/0000944209-99-001905-index.html,https://www.sec.gov/Archives/edgar/data/56679/0000944209-99-001905.txt
0,1999-07-31,KFY,1999-09-14 00:00:00,1999-09-14 00:00:00,Q1,104800000,0.0,0.0,0.0,0.0,94500000,0.0,0.0,94500000,94500000,700000.0,2400000.0000000005,13300000,0.126908,10200000,0.097328,0.0,10900000,0.104008,4600000.0,5600000.0,0.053435,0.15427,0.15427,36300000,36300000,https://www.sec.gov/Archives/edgar/data/56679/000094420999001477/0000944209-99-001477-index.html,https://www.sec.gov/Archives/edgar/data/56679/0000944209-99-001477.txt
0,1999-04-30,KFY,1999-07-28 00:00:00,1999-07-28 00:00:00,Q4,91700000,0.0,0.0,0.0,0.0,73200000,0.0,0.0,162400000,162400000,1300000.0,2300000.0,-66400000,-0.7241,-70700000,-0.770992,0.0,-69300000,-0.755725,2900000.0,-72900000,-0.794984,-2.1568,-2.1568,33800000,33800000,https://www.sec.gov/Archives/edgar/data/56679/000094420999001211/0000944209-99-001211-index.html,https://www.sec.gov/Archives/edgar/data/56679/0000944209-99-001211.txt
