,date,symbol,fillingDate,acceptedDate,period,revenue,costOfRevenue,grossProfit,grossProfitRatio,researchAndDevelopmentExpenses,generalAndAdministrativeExpenses,sellingAndMarketingExpenses,otherExpenses,operatingExpenses,costAndExpenses,interestExpense,depreciationAndAmortization,ebitda,ebitdaratio,operatingIncome,operatingIncomeRatio,totalOtherIncomeExpensesNet,incomeBeforeTax,incomeBeforeTaxRatio,incomeTaxExpense,netIncome,netIncomeRatio,eps,epsdiluted,weightedAverageShsOut,weightedAverageShsOutDil,link,finalLink
0,2019-09-31,PREC.PA,,2019-09-31,Q3,34030000,7424500.0,26605500,1.2790588412170416,0.0,6611000.0,0.0,0.0,427000.0,31097000,64000.0,1593500.0,4586500.0,7.419601002943421,2933000.0,11.602454824411865,0.0,2967500.0,11.467565290648695,1237250.0,1575750.0,21.596065365698873,2.925,2.925,540641.0,540641.0,https://www.infogreffe.com/recherche-entreprise-dirigeants/resultats-entreprise-dirigeants.html?ga_cat=globale&ga_q=P.R.E.C#phrase=P.R.E.C,https://www.infogreffe.com/recherche-entreprise-dirigeants/resultats-entreprise-dirigeants.html?ga_cat=globale&ga_q=P.R.E.C#phrase=P.R.E.C
0,2019-06-31,PREC.PA,,2019-06-31,Q2,34030000,7424500.0,26605500,1.2790588412170416,0.0,6611000.0,0.0,0.0,427000.0,31097000,64000.0,1593500.0,4586500.0,7.419601002943421,2933000.0,11.602454824411865,0.0,2967500.0,11.467565290648695,1237250.0,1575750.0,21.596065365698873,2.925,2.925,540641.0,540641.0,https://www.infogreffe.com/recherche-entreprise-dirigeants/resultats-entreprise-dirigeants.html?ga_cat=globale&ga_q=P.R.E.C#phrase=P.R.E.C,https://www.infogreffe.com/recherche-entreprise-dirigeants/resultats-entreprise-dirigeants.html?ga_cat=globale&ga_q=P.R.E.C#phrase=P.R.E.C
0,2019-03-31,PREC.PA,,2019-03-31,Q1,34030000,7424500.0,26605500,1.2790588412170416,0.0,6611000.0,0.0,0.0,427000.0,31097000,64000.0,1593500.0,4586500.0,7.419601002943421,2933000.0,11.602454824411865,0.0,2967500.0,11.467565290648695,1237250.0,1575750.0,21.596065365698873,2.925,2.925,540641.0,540641.0,https://www.infogreffe.com/recherche-entreprise-dirigeants/resultats-entreprise-dirigeants.html?ga_cat=globale&ga_q=P.R.E.C#phrase=P.R.E.C,https://www.infogreffe.com/recherche-entreprise-dirigeants/resultats-entreprise-dirigeants.html?ga_cat=globale&ga_q=P.R.E.C#phrase=P.R.E.C
0,2019-01-31,PREC.PA,,2019-01-31,Q1,34030000,7424500.0,26605500,1.2790588412170416,0.0,6611000.0,0.0,0.0,427000.0,31097000,64000.0,1593500.0,4586500.0,7.419601002943421,2933000.0,11.602454824411865,0.0,2967500.0,11.467565290648695,1237250.0,1575750.0,21.596065365698873,2.925,2.925,540641.0,540641.0,https://www.infogreffe.com/recherche-entreprise-dirigeants/resultats-entreprise-dirigeants.html?ga_cat=globale&ga_q=P.R.E.C#phrase=P.R.E.C,https://www.infogreffe.com/recherche-entreprise-dirigeants/resultats-entreprise-dirigeants.html?ga_cat=globale&ga_q=P.R.E.C#phrase=P.R.E.C
0,2018-09-31,PREC.PA,,2018-09-31,Q3,32483000,7622500.0,24860500,1.3066108887592767,0.0,6241250.0,0.0,0.0,422250.0,29742750,74250.0,1460250.0,4198750.0,7.736350104197678,2740250.0,11.854027917160844,0.0,2714250.0,11.96757852077001,1052000.0,1522750.0,21.331801017895256,2.775,2.775,548739.0,548739.0,https://www.infogreffe.com/recherche-entreprise-dirigeants/resultats-entreprise-dirigeants.html?ga_cat=globale&ga_q=P.R.E.C#phrase=P.R.E.C,https://www.infogreffe.com/recherche-entreprise-dirigeants/resultats-entreprise-dirigeants.html?ga_cat=globale&ga_q=P.R.E.C#phrase=P.R.E.C
0,2018-06-31,PREC.PA,,2018-06-31,Q2,32483000,7622500.0,24860500,1.3066108887592767,0.0,6241250.0,0.0,0.0,422250.0,29742750,74250.0,1460250.0,4198750.0,7.736350104197678,2740250.0,11.854027917160844,0.0,2714250.0,11.96757852077001,1052000.0,1522750.0,21.331801017895256,2.775,2.775,548739.0,548739.0,https://www.infogreffe.com/recherche-entreprise-dirigeants/resultats-entreprise-dirigeants.html?ga_cat=globale&ga_q=P.R.E.C#phrase=P.R.E.C,https://www.infogreffe.com/recherche-entreprise-dirigeants/resultats-entreprise-dirigeants.html?ga_cat=globale&ga_q=P.R.E.C#phrase=P.R.E.C
0,2018-03-31,PREC.PA,,2018-03-31,Q1,32483000,7622500.0,24860500,1.3066108887592767,0.0,6241250.0,0.0,0.0,422250.0,29742750,74250.0,1460250.0,4198750.0,7.736350104197678,2740250.0,11.854027917160844,0.0,2714250.0,11.96757852077001,1052000.0,1522750.0,21.331801017895256,2.775,2.775,548739.0,548739.0,https://www.infogreffe.com/recherche-entreprise-dirigeants/resultats-entreprise-dirigeants.html?ga_cat=globale&ga_q=P.R.E.C#phrase=P.R.E.C,https://www.infogreffe.com/recherche-entreprise-dirigeants/resultats-entreprise-dirigeants.html?ga_cat=globale&ga_q=P.R.E.C#phrase=P.R.E.C
0,2018-01-31,PREC.PA,,2018-01-31,Q1,32483000,7622500.0,24860500,1.3066108887592767,0.0,6241250.0,0.0,0.0,422250.0,29742750,74250.0,1460250.0,4198750.0,7.736350104197678,2740250.0,11.854027917160844,0.0,2714250.0,11.96757852077001,1052000.0,1522750.0,21.331801017895256,2.775,2.775,548739.0,548739.0,https://www.infogreffe.com/recherche-entreprise-dirigeants/resultats-entreprise-dirigeants.html?ga_cat=globale&ga_q=P.R.E.C#phrase=P.R.E.C,https://www.infogreffe.com/recherche-entreprise-dirigeants/resultats-entreprise-dirigeants.html?ga_cat=globale&ga_q=P.R.E.C#phrase=P.R.E.C
0,2017-09-31,PREC.PA,,2017-09-31,Q3,31022000,7182250.0,23839750,1.3012720351513754,0.0,6643250.0,0.0,0.0,465000.0,28360250,36500.0,805250.0,3389250.0,9.153057461090212,2661750.0,11.654738423969194,0.0,2599000.0,11.936129280492498,914500.0,1544000.0,20.0919689119171,2.8,2.8,550357.0,550357.0,https://www.infogreffe.com/recherche-entreprise-dirigeants/resultats-entreprise-dirigeants.html?ga_cat=globale&ga_q=P.R.E.C#phrase=P.R.E.C,https://www.infogreffe.com/recherche-entreprise-dirigeants/resultats-entreprise-dirigeants.html?ga_cat=globale&ga_q=P.R.E.C#phrase=P.R.E.C
0,2017-06-31,PREC.PA,,2017-06-31,Q2,31022000,7182250.0,23839750,1.3012720351513754,0.0,6643250.0,0.0,0.0,465000.0,28360250,36500.0,805250.0,3389250.0,9.153057461090212,2661750.0,11.654738423969194,0.0,2599000.0,11.936129280492498,914500.0,1544000.0,20.0919689119171,2.8,2.8,550357.0,550357.0,https://www.infogreffe.com/recherche-entreprise-dirigeants/resultats-entreprise-dirigeants.html?ga_cat=globale&ga_q=P.R.E.C#phrase=P.R.E.C,https://www.infogreffe.com/recherche-entreprise-dirigeants/resultats-entreprise-dirigeants.html?ga_cat=globale&ga_q=P.R.E.C#phrase=P.R.E.C
0,2017-03-31,PREC.PA,,2017-03-31,Q1,31022000,7182250.0,23839750,1.3012720351513754,0.0,6643250.0,0.0,0.0,465000.0,28360250,36500.0,805250.0,3389250.0,9.153057461090212,2661750.0,11.654738423969194,0.0,2599000.0,11.936129280492498,914500.0,1544000.0,20.0919689119171,2.8,2.8,550357.0,550357.0,https://www.infogreffe.com/recherche-entreprise-dirigeants/resultats-entreprise-dirigeants.html?ga_cat=globale&ga_q=P.R.E.C#phrase=P.R.E.C,https://www.infogreffe.com/recherche-entreprise-dirigeants/resultats-entreprise-dirigeants.html?ga_cat=globale&ga_q=P.R.E.C#phrase=P.R.E.C
0,2017-01-31,PREC.PA,,2017-01-31,Q1,31022000,7182250.0,23839750,1.3012720351513754,0.0,6643250.0,0.0,0.0,465000.0,28360250,36500.0,805250.0,3389250.0,9.153057461090212,2661750.0,11.654738423969194,0.0,2599000.0,11.936129280492498,914500.0,1544000.0,20.0919689119171,2.8,2.8,550357.0,550357.0,https://www.infogreffe.com/recherche-entreprise-dirigeants/resultats-entreprise-dirigeants.html?ga_cat=globale&ga_q=P.R.E.C#phrase=P.R.E.C,https://www.infogreffe.com/recherche-entreprise-dirigeants/resultats-entreprise-dirigeants.html?ga_cat=globale&ga_q=P.R.E.C#phrase=P.R.E.C
0,2016-09-31,PREC.PA,,2016-09-31,Q3,27421750,6399250.0,21022500,1.304400047568082,0.0,5932000.0,0.0,0.0,421750.0,25142500,47250.0,709250.0,3035500.0,9.033684730686872,2279250.0,12.031040912580893,0.0,2346750.0,11.684989879620753,847000.0,1429250.0,19.186111596991427,2.6,2.6,550357.0,550357.0,https://www.infogreffe.com/recherche-entreprise-dirigeants/resultats-entreprise-dirigeants.html?ga_cat=globale&ga_q=P.R.E.C#phrase=P.R.E.C,https://www.infogreffe.com/recherche-entreprise-dirigeants/resultats-entreprise-dirigeants.html?ga_cat=globale&ga_q=P.R.E.C#phrase=P.R.E.C
0,2016-06-31,PREC.PA,,2016-06-31,Q2,27421750,6399250.0,21022500,1.304400047568082,0.0,5932000.0,0.0,0.0,421750.0,25142500,47250.0,709250.0,3035500.0,9.033684730686872,2279250.0,12.031040912580893,0.0,2346750.0,11.684989879620753,847000.0,1429250.0,19.186111596991427,2.6,2.6,550357.0,550357.0,https://www.infogreffe.com/recherche-entreprise-dirigeants/resultats-entreprise-dirigeants.html?ga_cat=globale&ga_q=P.R.E.C#phrase=P.R.E.C,https://www.infogreffe.com/recherche-entreprise-dirigeants/resultats-entreprise-dirigeants.html?ga_cat=globale&ga_q=P.R.E.C#phrase=P.R.E.C
0,2016-03-31,PREC.PA,,2016-03-31,Q1,27421750,6399250.0,21022500,1.304400047568082,0.0,5932000.0,0.0,0.0,421750.0,25142500,47250.0,709250.0,3035500.0,9.033684730686872,2279250.0,12.031040912580893,0.0,2346750.0,11.684989879620753,847000.0,1429250.0,19.186111596991427,2.6,2.6,550357.0,550357.0,https://www.infogreffe.com/recherche-entreprise-dirigeants/resultats-entreprise-dirigeants.html?ga_cat=globale&ga_q=P.R.E.C#phrase=P.R.E.C,https://www.infogreffe.com/recherche-entreprise-dirigeants/resultats-entreprise-dirigeants.html?ga_cat=globale&ga_q=P.R.E.C#phrase=P.R.E.C
0,2016-01-31,PREC.PA,,2016-01-31,Q1,27421750,6399250.0,21022500,1.304400047568082,0.0,5932000.0,0.0,0.0,421750.0,25142500,47250.0,709250.0,3035500.0,9.033684730686872,2279250.0,12.031040912580893,0.0,2346750.0,11.684989879620753,847000.0,1429250.0,19.186111596991427,2.6,2.6,550357.0,550357.0,https://www.infogreffe.com/recherche-entreprise-dirigeants/resultats-entreprise-dirigeants.html?ga_cat=globale&ga_q=P.R.E.C#phrase=P.R.E.C,https://www.infogreffe.com/recherche-entreprise-dirigeants/resultats-entreprise-dirigeants.html?ga_cat=globale&ga_q=P.R.E.C#phrase=P.R.E.C
0,2015-09-31,PREC.PA,,2015-09-31,Q3,26331750,12148500,14183250,1.8565385225530115,0.0,0.0,0.0,0.0,462250.0,24173000,46750.0,554000.0,2762250.0,9.532717893021992,2158750.0,12.197683844817602,0.0,2136750.0,12.323271323271323,760500.0,1321250.0,19.92942289498581,2.375,2.375,555835.0,555835.0,https://www.infogreffe.com/recherche-entreprise-dirigeants/resultats-entreprise-dirigeants.html?ga_cat=globale&ga_q=P.R.E.C#phrase=P.R.E.C,https://www.infogreffe.com/recherche-entreprise-dirigeants/resultats-entreprise-dirigeants.html?ga_cat=globale&ga_q=P.R.E.C#phrase=P.R.E.C
0,2015-06-31,PREC.PA,,2015-06-31,Q2,26331750,12148500,14183250,1.8565385225530115,0.0,0.0,0.0,0.0,462250.0,24173000,46750.0,554000.0,2762250.0,9.532717893021992,2158750.0,12.197683844817602,0.0,2136750.0,12.323271323271323,760500.0,1321250.0,19.92942289498581,2.375,2.375,555835.0,555835.0,https://www.infogreffe.com/recherche-entreprise-dirigeants/resultats-entreprise-dirigeants.html?ga_cat=globale&ga_q=P.R.E.C#phrase=P.R.E.C,https://www.infogreffe.com/recherche-entreprise-dirigeants/resultats-entreprise-dirigeants.html?ga_cat=globale&ga_q=P.R.E.C#phrase=P.R.E.C
0,2015-03-31,PREC.PA,,2015-03-31,Q1,26331750,12148500,14183250,1.8565385225530115,0.0,0.0,0.0,0.0,462250.0,24173000,46750.0,554000.0,2762250.0,9.532717893021992,2158750.0,12.197683844817602,0.0,2136750.0,12.323271323271323,760500.0,1321250.0,19.92942289498581,2.375,2.375,555835.0,555835.0,https://www.infogreffe.com/recherche-entreprise-dirigeants/resultats-entreprise-dirigeants.html?ga_cat=globale&ga_q=P.R.E.C#phrase=P.R.E.C,https://www.infogreffe.com/recherche-entreprise-dirigeants/resultats-entreprise-dirigeants.html?ga_cat=globale&ga_q=P.R.E.C#phrase=P.R.E.C
0,2015-01-31,PREC.PA,,2015-01-31,Q1,26331750,12148500,14183250,1.8565385225530115,0.0,0.0,0.0,0.0,462250.0,24173000,46750.0,554000.0,2762250.0,9.532717893021992,2158750.0,12.197683844817602,0.0,2136750.0,12.323271323271323,760500.0,1321250.0,19.92942289498581,2.375,2.375,555835.0,555835.0,https://www.infogreffe.com/recherche-entreprise-dirigeants/resultats-entreprise-dirigeants.html?ga_cat=globale&ga_q=P.R.E.C#phrase=P.R.E.C,https://www.infogreffe.com/recherche-entreprise-dirigeants/resultats-entreprise-dirigeants.html?ga_cat=globale&ga_q=P.R.E.C#phrase=P.R.E.C
0,2014-09-31,PREC.PA,,2014-09-31,Q3,23851500,5806500.0,18045000,1.3217788861180382,0.0,5052750.0,0.0,0.0,439750.0,21945000,43000.0,639000.0,2585500.0,9.225101527750919,1906500.0,12.51062155782848,0.0,1963750.0,12.145894334818587,748250.0,1158500.0,20.58826068191627,2.075,2.075,558067.0,558067.0,https://www.infogreffe.com/recherche-entreprise-dirigeants/resultats-entreprise-dirigeants.html?ga_cat=globale&ga_q=P.R.E.C#phrase=P.R.E.C,https://www.infogreffe.com/recherche-entreprise-dirigeants/resultats-entreprise-dirigeants.html?ga_cat=globale&ga_q=P.R.E.C#phrase=P.R.E.C
0,2014-06-31,PREC.PA,,2014-06-31,Q2,23851500,5806500.0,18045000,1.3217788861180382,0.0,5052750.0,0.0,0.0,439750.0,21945000,43000.0,639000.0,2585500.0,9.225101527750919,1906500.0,12.51062155782848,0.0,1963750.0,12.145894334818587,748250.0,1158500.0,20.58826068191627,2.075,2.075,558067.0,558067.0,https://www.infogreffe.com/recherche-entreprise-dirigeants/resultats-entreprise-dirigeants.html?ga_cat=globale&ga_q=P.R.E.C#phrase=P.R.E.C,https://www.infogreffe.com/recherche-entreprise-dirigeants/resultats-entreprise-dirigeants.html?ga_cat=globale&ga_q=P.R.E.C#phrase=P.R.E.C
0,2014-03-31,PREC.PA,,2014-03-31,Q1,23851500,5806500.0,18045000,1.3217788861180382,0.0,5052750.0,0.0,0.0,439750.0,21945000,43000.0,639000.0,2585500.0,9.225101527750919,1906500.0,12.51062155782848,0.0,1963750.0,12.145894334818587,748250.0,1158500.0,20.58826068191627,2.075,2.075,558067.0,558067.0,https://www.infogreffe.com/recherche-entreprise-dirigeants/resultats-entreprise-dirigeants.html?ga_cat=globale&ga_q=P.R.E.C#phrase=P.R.E.C,https://www.infogreffe.com/recherche-entreprise-dirigeants/resultats-entreprise-dirigeants.html?ga_cat=globale&ga_q=P.R.E.C#phrase=P.R.E.C
0,2014-01-31,PREC.PA,,2014-01-31,Q1,23851500,5806500.0,18045000,1.3217788861180382,0.0,5052750.0,0.0,0.0,439750.0,21945000,43000.0,639000.0,2585500.0,9.225101527750919,1906500.0,12.51062155782848,0.0,1963750.0,12.145894334818587,748250.0,1158500.0,20.58826068191627,2.075,2.075,558067.0,558067.0,https://www.infogreffe.com/recherche-entreprise-dirigeants/resultats-entreprise-dirigeants.html?ga_cat=globale&ga_q=P.R.E.C#phrase=P.R.E.C,https://www.infogreffe.com/recherche-entreprise-dirigeants/resultats-entreprise-dirigeants.html?ga_cat=globale&ga_q=P.R.E.C#phrase=P.R.E.C
0,2013-09-31,PREC.PA,,2013-09-31,Q3,22239750,9883250.0,12356500,1.7998421883219358,0.0,0.0,0.0,0.0,436000.0,20377750,63750.0,629000.0,2543250.0,8.74461810675317,1862000.0,11.944011815252416,0.0,1902000.0,11.69282334384858,728750.0,1121000.0,19.83920606601249,2.01,2.01,557730.0,557730.0,https://www.infogreffe.com/recherche-entreprise-dirigeants/resultats-entreprise-dirigeants.html?ga_cat=globale&ga_q=P.R.E.C#phrase=P.R.E.C,https://www.infogreffe.com/recherche-entreprise-dirigeants/resultats-entreprise-dirigeants.html?ga_cat=globale&ga_q=P.R.E.C#phrase=P.R.E.C
0,2013-06-31,PREC.PA,,2013-06-31,Q2,22239750,9883250.0,12356500,1.7998421883219358,0.0,0.0,0.0,0.0,436000.0,20377750,63750.0,629000.0,2543250.0,8.74461810675317,1862000.0,11.944011815252416,0.0,1902000.0,11.69282334384858,728750.0,1121000.0,19.83920606601249,2.01,2.01,557730.0,557730.0,https://www.infogreffe.com/recherche-entreprise-dirigeants/resultats-entreprise-dirigeants.html?ga_cat=globale&ga_q=P.R.E.C#phrase=P.R.E.C,https://www.infogreffe.com/recherche-entreprise-dirigeants/resultats-entreprise-dirigeants.html?ga_cat=globale&ga_q=P.R.E.C#phrase=P.R.E.C
0,2013-03-31,PREC.PA,,2013-03-31,Q1,22239750,9883250.0,12356500,1.7998421883219358,0.0,0.0,0.0,0.0,436000.0,20377750,63750.0,629000.0,2543250.0,8.74461810675317,1862000.0,11.944011815252416,0.0,1902000.0,11.69282334384858,728750.0,1121000.0,19.83920606601249,2.01,2.01,557730.0,557730.0,https://www.infogreffe.com/recherche-entreprise-dirigeants/resultats-entreprise-dirigeants.html?ga_cat=globale&ga_q=P.R.E.C#phrase=P.R.E.C,https://www.infogreffe.com/recherche-entreprise-dirigeants/resultats-entreprise-dirigeants.html?ga_cat=globale&ga_q=P.R.E.C#phrase=P.R.E.C
0,2013-01-31,PREC.PA,,2013-01-31,Q1,22239750,9883250.0,12356500,1.7998421883219358,0.0,0.0,0.0,0.0,436000.0,20377750,63750.0,629000.0,2543250.0,8.74461810675317,1862000.0,11.944011815252416,0.0,1902000.0,11.69282334384858,728750.0,1121000.0,19.83920606601249,2.01,2.01,557730.0,557730.0,https://www.infogreffe.com/recherche-entreprise-dirigeants/resultats-entreprise-dirigeants.html?ga_cat=globale&ga_q=P.R.E.C#phrase=P.R.E.C,https://www.infogreffe.com/recherche-entreprise-dirigeants/resultats-entreprise-dirigeants.html?ga_cat=globale&ga_q=P.R.E.C#phrase=P.R.E.C
0,2012-09-31,PREC.PA,,2012-09-31,Q3,23114250,10629000,12485250,1.8513245629843216,0.0,0.0,0.0,0.0,577250.0,21264000,70250.0,544750.0,2567750.0,9.00175250705871,1850250.0,12.49250101337657,0.0,1699000.0,13.60462036492054,549500.0,1084500.0,21.313278008298756,1.95,1.95,557302.0,557302.0,https://www.infogreffe.com/recherche-entreprise-dirigeants/resultats-entreprise-dirigeants.html?ga_cat=globale&ga_q=P.R.E.C#phrase=P.R.E.C,https://www.infogreffe.com/recherche-entreprise-dirigeants/resultats-entreprise-dirigeants.html?ga_cat=globale&ga_q=P.R.E.C#phrase=P.R.E.C
0,2012-06-31,PREC.PA,,2012-06-31,Q2,23114250,10629000,12485250,1.8513245629843216,0.0,0.0,0.0,0.0,577250.0,21264000,70250.0,544750.0,2567750.0,9.00175250705871,1850250.0,12.49250101337657,0.0,1699000.0,13.60462036492054,549500.0,1084500.0,21.313278008298756,1.95,1.95,557302.0,557302.0,https://www.infogreffe.com/recherche-entreprise-dirigeants/resultats-entreprise-dirigeants.html?ga_cat=globale&ga_q=P.R.E.C#phrase=P.R.E.C,https://www.infogreffe.com/recherche-entreprise-dirigeants/resultats-entreprise-dirigeants.html?ga_cat=globale&ga_q=P.R.E.C#phrase=P.R.E.C
0,2012-03-31,PREC.PA,,2012-03-31,Q1,23114250,10629000,12485250,1.8513245629843216,0.0,0.0,0.0,0.0,577250.0,21264000,70250.0,544750.0,2567750.0,9.00175250705871,1850250.0,12.49250101337657,0.0,1699000.0,13.60462036492054,549500.0,1084500.0,21.313278008298756,1.95,1.95,557302.0,557302.0,https://www.infogreffe.com/recherche-entreprise-dirigeants/resultats-entreprise-dirigeants.html?ga_cat=globale&ga_q=P.R.E.C#phrase=P.R.E.C,https://www.infogreffe.com/recherche-entreprise-dirigeants/resultats-entreprise-dirigeants.html?ga_cat=globale&ga_q=P.R.E.C#phrase=P.R.E.C
0,2012-01-31,PREC.PA,,2012-01-31,Q1,23114250,10629000,12485250,1.8513245629843216,0.0,0.0,0.0,0.0,577250.0,21264000,70250.0,544750.0,2567750.0,9.00175250705871,1850250.0,12.49250101337657,0.0,1699000.0,13.60462036492054,549500.0,1084500.0,21.313278008298756,1.95,1.95,557302.0,557302.0,https://www.infogreffe.com/recherche-entreprise-dirigeants/resultats-entreprise-dirigeants.html?ga_cat=globale&ga_q=P.R.E.C#phrase=P.R.E.C,https://www.infogreffe.com/recherche-entreprise-dirigeants/resultats-entreprise-dirigeants.html?ga_cat=globale&ga_q=P.R.E.C#phrase=P.R.E.C
0,2011-09-31,PREC.PA,,2011-09-31,Q3,22242750,5808000.0,16434750,1.353397526582394,0.0,0.0,0.0,-25000.0,5056500.0,20291000,85250.0,516750.0,2523000.0,8.815992865636147,1951750.0,11.396311002946074,0.0,1920750.0,11.580242092932448,616500.0,1304250.0,17.054054054054053,2.2,2.2,556477.0,556477.0,https://www.infogreffe.com/recherche-entreprise-dirigeants/resultats-entreprise-dirigeants.html?ga_cat=globale&ga_q=P.R.E.C#phrase=P.R.E.C,https://www.infogreffe.com/recherche-entreprise-dirigeants/resultats-entreprise-dirigeants.html?ga_cat=globale&ga_q=P.R.E.C#phrase=P.R.E.C
0,2011-06-31,PREC.PA,,2011-06-31,Q2,22242750,5808000.0,16434750,1.353397526582394,0.0,0.0,0.0,-25000.0,5056500.0,20291000,85250.0,516750.0,2523000.0,8.815992865636147,1951750.0,11.396311002946074,0.0,1920750.0,11.580242092932448,616500.0,1304250.0,17.054054054054053,2.2,2.2,556477.0,556477.0,https://www.infogreffe.com/recherche-entreprise-dirigeants/resultats-entreprise-dirigeants.html?ga_cat=globale&ga_q=P.R.E.C#phrase=P.R.E.C,https://www.infogreffe.com/recherche-entreprise-dirigeants/resultats-entreprise-dirigeants.html?ga_cat=globale&ga_q=P.R.E.C#phrase=P.R.E.C
0,2011-03-31,PREC.PA,,2011-03-31,Q1,22242750,5808000.0,16434750,1.353397526582394,0.0,0.0,0.0,-25000.0,5056500.0,20291000,85250.0,516750.0,2523000.0,8.815992865636147,1951750.0,11.396311002946074,0.0,1920750.0,11.580242092932448,616500.0,1304250.0,17.054054054054053,2.2,2.2,556477.0,556477.0,https://www.infogreffe.com/recherche-entreprise-dirigeants/resultats-entreprise-dirigeants.html?ga_cat=globale&ga_q=P.R.E.C#phrase=P.R.E.C,https://www.infogreffe.com/recherche-entreprise-dirigeants/resultats-entreprise-dirigeants.html?ga_cat=globale&ga_q=P.R.E.C#phrase=P.R.E.C
0,2011-01-31,PREC.PA,,2011-01-31,Q1,22242750,5808000.0,16434750,1.353397526582394,0.0,0.0,0.0,-25000.0,5056500.0,20291000,85250.0,516750.0,2523000.0,8.815992865636147,1951750.0,11.396311002946074,0.0,1920750.0,11.580242092932448,616500.0,1304250.0,17.054054054054053,2.2,2.2,556477.0,556477.0,https://www.infogreffe.com/recherche-entreprise-dirigeants/resultats-entreprise-dirigeants.html?ga_cat=globale&ga_q=P.R.E.C#phrase=P.R.E.C,https://www.infogreffe.com/recherche-entreprise-dirigeants/resultats-entreprise-dirigeants.html?ga_cat=globale&ga_q=P.R.E.C#phrase=P.R.E.C
0,2010-09-31,PREC.PA,,2010-09-31,Q3,20076250,5053750.0,15022500,1.336412048593776,0.0,0.0,0.0,-43500.0,4620750.0,18249250,82000.0,477750.0,2338250.0,8.586015182294451,1827000.0,10.98864258347017,0.0,1778500.0,11.288304751194827,543500.0,1235000.0,16.256072874493928,2.1,2.1,559048.0,559048.0,https://www.infogreffe.com/recherche-entreprise-dirigeants/resultats-entreprise-dirigeants.html?ga_cat=globale&ga_q=P.R.E.C#phrase=P.R.E.C,https://www.infogreffe.com/recherche-entreprise-dirigeants/resultats-entreprise-dirigeants.html?ga_cat=globale&ga_q=P.R.E.C#phrase=P.R.E.C
0,2010-06-31,PREC.PA,,2010-06-31,Q2,20076250,5053750.0,15022500,1.336412048593776,0.0,0.0,0.0,-43500.0,4620750.0,18249250,82000.0,477750.0,2338250.0,8.586015182294451,1827000.0,10.98864258347017,0.0,1778500.0,11.288304751194827,543500.0,1235000.0,16.256072874493928,2.1,2.1,559048.0,559048.0,https://www.infogreffe.com/recherche-entreprise-dirigeants/resultats-entreprise-dirigeants.html?ga_cat=globale&ga_q=P.R.E.C#phrase=P.R.E.C,https://www.infogreffe.com/recherche-entreprise-dirigeants/resultats-entreprise-dirigeants.html?ga_cat=globale&ga_q=P.R.E.C#phrase=P.R.E.C
0,2010-03-31,PREC.PA,,2010-03-31,Q1,20076250,5053750.0,15022500,1.336412048593776,0.0,0.0,0.0,-43500.0,4620750.0,18249250,82000.0,477750.0,2338250.0,8.586015182294451,1827000.0,10.98864258347017,0.0,1778500.0,11.288304751194827,543500.0,1235000.0,16.256072874493928,2.1,2.1,559048.0,559048.0,https://www.infogreffe.com/recherche-entreprise-dirigeants/resultats-entreprise-dirigeants.html?ga_cat=globale&ga_q=P.R.E.C#phrase=P.R.E.C,https://www.infogreffe.com/recherche-entreprise-dirigeants/resultats-entreprise-dirigeants.html?ga_cat=globale&ga_q=P.R.E.C#phrase=P.R.E.C
0,2010-01-31,PREC.PA,,2010-01-31,Q1,20076250,5053750.0,15022500,1.336412048593776,0.0,0.0,0.0,-43500.0,4620750.0,18249250,82000.0,477750.0,2338250.0,8.586015182294451,1827000.0,10.98864258347017,0.0,1778500.0,11.288304751194827,543500.0,1235000.0,16.256072874493928,2.1,2.1,559048.0,559048.0,https://www.infogreffe.com/recherche-entreprise-dirigeants/resultats-entreprise-dirigeants.html?ga_cat=globale&ga_q=P.R.E.C#phrase=P.R.E.C,https://www.infogreffe.com/recherche-entreprise-dirigeants/resultats-entreprise-dirigeants.html?ga_cat=globale&ga_q=P.R.E.C#phrase=P.R.E.C
0,2009-09-31,PREC.PA,,2009-09-31,Q3,18826750,4954250.0,13872500,1.3571274103442061,0.0,3861000.0,0.0,49000.0,533000.0,17525500,0.0,441250.0,1742500.0,10.804447632711621,1301250.0,14.468203650336216,0.0,1214250.0,15.504838377599341,350000.0,847750.0,22.207903273370686,1.515,1.515,559398.0,559398.0,https://www.infogreffe.com/recherche-entreprise-dirigeants/resultats-entreprise-dirigeants.html?ga_cat=globale&ga_q=P.R.E.C#phrase=P.R.E.C,https://www.infogreffe.com/recherche-entreprise-dirigeants/resultats-entreprise-dirigeants.html?ga_cat=globale&ga_q=P.R.E.C#phrase=P.R.E.C
0,2009-06-31,PREC.PA,,2009-06-31,Q2,18826750,4954250.0,13872500,1.3571274103442061,0.0,3861000.0,0.0,49000.0,533000.0,17525500,0.0,441250.0,1742500.0,10.804447632711621,1301250.0,14.468203650336216,0.0,1214250.0,15.504838377599341,350000.0,847750.0,22.207903273370686,1.515,1.515,559398.0,559398.0,https://www.infogreffe.com/recherche-entreprise-dirigeants/resultats-entreprise-dirigeants.html?ga_cat=globale&ga_q=P.R.E.C#phrase=P.R.E.C,https://www.infogreffe.com/recherche-entreprise-dirigeants/resultats-entreprise-dirigeants.html?ga_cat=globale&ga_q=P.R.E.C#phrase=P.R.E.C
0,2009-03-31,PREC.PA,,2009-03-31,Q1,18826750,4954250.0,13872500,1.3571274103442061,0.0,3861000.0,0.0,49000.0,533000.0,17525500,0.0,441250.0,1742500.0,10.804447632711621,1301250.0,14.468203650336216,0.0,1214250.0,15.504838377599341,350000.0,847750.0,22.207903273370686,1.515,1.515,559398.0,559398.0,https://www.infogreffe.com/recherche-entreprise-dirigeants/resultats-entreprise-dirigeants.html?ga_cat=globale&ga_q=P.R.E.C#phrase=P.R.E.C,https://www.infogreffe.com/recherche-entreprise-dirigeants/resultats-entreprise-dirigeants.html?ga_cat=globale&ga_q=P.R.E.C#phrase=P.R.E.C
0,2009-01-31,PREC.PA,,2009-01-31,Q1,18826750,4954250.0,13872500,1.3571274103442061,0.0,3861000.0,0.0,49000.0,533000.0,17525500,0.0,441250.0,1742500.0,10.804447632711621,1301250.0,14.468203650336216,0.0,1214250.0,15.504838377599341,350000.0,847750.0,22.207903273370686,1.515,1.515,559398.0,559398.0,https://www.infogreffe.com/recherche-entreprise-dirigeants/resultats-entreprise-dirigeants.html?ga_cat=globale&ga_q=P.R.E.C#phrase=P.R.E.C,https://www.infogreffe.com/recherche-entreprise-dirigeants/resultats-entreprise-dirigeants.html?ga_cat=globale&ga_q=P.R.E.C#phrase=P.R.E.C
0,2008-09-31,PREC.PA,,2008-09-31,Q3,20547250,6041250.0,14506000,1.4164656004411968,0.0,4366000.0,0.0,67000.0,472250.0,19217000,0.0,409750.0,1740000.0,11.808764367816092,1330250.0,15.446156737455366,0.0,1315500.0,15.619346256176359,390000.0,925250.0,22.20724128613888,1.6475,1.6475,559398.0,559398.0,https://www.infogreffe.com/recherche-entreprise-dirigeants/resultats-entreprise-dirigeants.html?ga_cat=globale&ga_q=P.R.E.C#phrase=P.R.E.C,https://www.infogreffe.com/recherche-entreprise-dirigeants/resultats-entreprise-dirigeants.html?ga_cat=globale&ga_q=P.R.E.C#phrase=P.R.E.C
0,2008-06-31,PREC.PA,,2008-06-31,Q2,20547250,6041250.0,14506000,1.4164656004411968,0.0,4366000.0,0.0,67000.0,472250.0,19217000,0.0,409750.0,1740000.0,11.808764367816092,1330250.0,15.446156737455366,0.0,1315500.0,15.619346256176359,390000.0,925250.0,22.20724128613888,1.6475,1.6475,559398.0,559398.0,https://www.infogreffe.com/recherche-entreprise-dirigeants/resultats-entreprise-dirigeants.html?ga_cat=globale&ga_q=P.R.E.C#phrase=P.R.E.C,https://www.infogreffe.com/recherche-entreprise-dirigeants/resultats-entreprise-dirigeants.html?ga_cat=globale&ga_q=P.R.E.C#phrase=P.R.E.C
0,2008-03-31,PREC.PA,,2008-03-31,Q1,20547250,6041250.0,14506000,1.4164656004411968,0.0,4366000.0,0.0,67000.0,472250.0,19217000,0.0,409750.0,1740000.0,11.808764367816092,1330250.0,15.446156737455366,0.0,1315500.0,15.619346256176359,390000.0,925250.0,22.20724128613888,1.6475,1.6475,559398.0,559398.0,https://www.infogreffe.com/recherche-entreprise-dirigeants/resultats-entreprise-dirigeants.html?ga_cat=globale&ga_q=P.R.E.C#phrase=P.R.E.C,https://www.infogreffe.com/recherche-entreprise-dirigeants/resultats-entreprise-dirigeants.html?ga_cat=globale&ga_q=P.R.E.C#phrase=P.R.E.C
0,2008-01-31,PREC.PA,,2008-01-31,Q1,20547250,6041250.0,14506000,1.4164656004411968,0.0,4366000.0,0.0,67000.0,472250.0,19217000,0.0,409750.0,1740000.0,11.808764367816092,1330250.0,15.446156737455366,0.0,1315500.0,15.619346256176359,390000.0,925250.0,22.20724128613888,1.6475,1.6475,559398.0,559398.0,https://www.infogreffe.com/recherche-entreprise-dirigeants/resultats-entreprise-dirigeants.html?ga_cat=globale&ga_q=P.R.E.C#phrase=P.R.E.C,https://www.infogreffe.com/recherche-entreprise-dirigeants/resultats-entreprise-dirigeants.html?ga_cat=globale&ga_q=P.R.E.C#phrase=P.R.E.C
