,date,symbol,fillingDate,acceptedDate,period,revenue,costOfRevenue,grossProfit,grossProfitRatio,researchAndDevelopmentExpenses,generalAndAdministrativeExpenses,sellingAndMarketingExpenses,otherExpenses,operatingExpenses,costAndExpenses,interestExpense,depreciationAndAmortization,ebitda,ebitdaratio,operatingIncome,operatingIncomeRatio,totalOtherIncomeExpensesNet,incomeBeforeTax,incomeBeforeTaxRatio,incomeTaxExpense,netIncome,netIncomeRatio,eps,epsdiluted,weightedAverageShsOut,weightedAverageShsOutDil,link,finalLink
0,2020-09-30,CVR,2020-11-06,2020-11-06 16:01:35,Q3,7645259.0,6004766.0,1640493.0,0.2145765107499955,0.0,0.0,1258995.0,0.0,1258995.0,7263761.0,0.0,338779.0,752914.0,0.09848116329348686,414135.0,0.05416886465193658,32637.0,414135.0,0.05416886465193658,105000.0,309135.0,0.04043486296540117,0.3200002898412705,0.3200002898412705,966046.0,966046.0,https://www.sec.gov/Archives/edgar/data/19871/000119312520287961/0001193125-20-287961-index.htm,https://www.sec.gov/Archives/edgar/data/19871/000119312520287961/d76144d10q.htm
0,2020-06-30,CVR,2020-08-07,2020-08-07 16:07:15,Q2,4103520.0,4033370.0,70150.0,0.017095079346512262,0.0,1214420.0,1214423.0,0.0,1214420.0000000005,5247790.000000001,0.0,338779.99999999994,-761740.0,-0.185631,-1144270.0,-0.278851,43760.0,-1100520.0,-0.268189,-321000.0,-779520.0,-0.189964,-0.80685,-0.80685,966130.0,966130.0,https://www.sec.gov/Archives/edgar/data/19871/000119312520213030/0001193125-20-213030-index.htm,https://www.sec.gov/Archives/edgar/data/19871/000119312520213030/d97263d10q.htm
0,2020-03-31,CVR,2020-05-08,2020-05-08 16:07:27,Q1,7576460.0,6266030.0,1310430.0,0.17296072308175586,0.0,1285330.0,1285334000,0.0,1285330.0,7551360.0,0.0,337360.0,408930.0,0.053974,25100.0,0.003313,46480.0,71570.0,0.009446,15000.0,56570.0,0.007467,0.05855,0.05855,966130.0,966130.0,https://www.sec.gov/Archives/edgar/data/19871/000119312520137544/0001193125-20-137544-index.htm,https://www.sec.gov/Archives/edgar/data/19871/000119312520080625/d873801d10k.htm
0,2019-12-31,CVR,2020-03-20,2020-03-20 16:02:50,Q4,7186970.0,6301940.0,885030.0,0.12314368920421262,0.0,1321440.0,1321436000,0.0,1321430.0000000002,7623370.0,0.0,352239.9999999999,-37640.0000000001,-0.005237,-436400.0,-0.060721,46520.0,-389880.0,-0.054248,-96000.0,-293880.0,-0.040891,-0.30418,-0.30418,966130.0,966130.0,https://www.sec.gov/Archives/edgar/data/19871/000119312520080625/0001193125-20-080625-index.htm,https://www.sec.gov/Archives/edgar/data/19871/000119312520080625/d873801d10k.htm
0,2019-09-30,CVR,2019-11-08,2019-11-08 16:02:56,Q3,8188910.0,6539140.0,1649770.0,0.20146393109705688,0.0,1282150.0,1282149000,0.0,1282150.0000000007,7821290.000000001,0.0,347330.0,762130.0,0.093069,367620.0,0.044892,47180.0,414800.0,0.050654,99000.0,315800.0,0.038564,0.32687,0.32687,966130.0,966130.0,https://www.sec.gov/Archives/edgar/data/19871/000119312519288339/0001193125-19-288339-index.htm,https://www.sec.gov/Archives/edgar/data/19871/000119312519288339/d749278d10q.htm
0,2019-06-30,CVR,2019-08-08,2019-08-08 16:22:47,Q2,8875450.0,7327480.0,1547970.0,0.1744103115898349,0.0,1306670.0,1306665000,0.0,1306669.9999999995,8634150.0,0.0,346280.0,636840.0,0.071753,241300.0,0.027187,49250.0,290560.0,0.032737,61000.0,229560.0,0.025865,0.23761,0.23761,966130.0,966130.0,https://www.sec.gov/Archives/edgar/data/19871/000119312519216866/0001193125-19-216866-index.htm,https://www.sec.gov/Archives/edgar/data/19871/000119312519216866/d782934d10q.htm
0,2019-03-31,CVR,2019-05-08,2019-05-08 16:02:54,Q1,8621680.0,6959920.0,1661760.0,0.19274201779699549,0.0,1342700.0,1342696000,0.0,1342689.9999999993,8302609.999999999,0.0,336390.0,704230.0,0.081681,319070.0,0.037008,48780.0,367840.0,0.042665,81000.0,286840.0,0.03327,0.2969,0.2969,966130.0,966130.0,https://www.sec.gov/Archives/edgar/data/19871/000119312519141375/0001193125-19-141375-index.htm,https://www.sec.gov/Archives/edgar/data/19871/000119312519080761/d602165d10k.htm
0,2018-12-31,CVR,2019-03-20,2019-03-20 16:02:25,Q4,8513780.0,6873690.0,1640090.0,0.19263946214255007,0.0,1317540.0,1317540000,0.0,1317539.9999999993,8191229.999999999,0.0,335269.9999999998,701829.9999999999,0.082435,322550.0,0.037886,44010.0,366560.0,0.043055,64000.0,302560.0,0.035538,0.31317,0.31317,966130.0,966130.0,https://www.sec.gov/Archives/edgar/data/19871/000119312519080761/0001193125-19-080761-index.htm,https://www.sec.gov/Archives/edgar/data/19871/000119312519080761/d602165d10k.htm
0,2018-09-30,CVR,2018-11-06,2018-11-06 16:47:25,Q3,8856050.0,7221820.0,1634230.0,0.18453260765239582,0.0,1308880.0,1308884000,0.0,1308879.9999999993,8530700.0,0.0,323180.0,686930.0,0.077566,325350.0,0.036738,38400.0,363750.0,0.041074,76000.0,287750.0,0.032492,0.29784,0.29784,966130.0,966130.0,https://www.sec.gov/Archives/edgar/data/19871/000119312518319638/0001193125-18-319638-index.htm,https://www.sec.gov/Archives/edgar/data/19871/000119312518319638/d632097d10q.htm
0,2018-06-30,CVR,2018-08-09,2018-08-09 16:02:30,Q2,9790000.0,7500000.0,2290000.0,0.23391215526046988,0.0,1410000.0,1411969000,0.0,1420000.0,8920000.0,0.0,320000.0,1230000.0,0.125638,880000.0,0.089888,40000.0,910000.0,0.092952,210000.0,700000.0,0.071502,0.72165,0.72165,970000.0,970000.0,https://www.sec.gov/Archives/edgar/data/19871/000119312518244299/0001193125-18-244299-index.htm,https://www.sec.gov/Archives/edgar/data/19871/000119312518244299/d555561d10q.htm
0,2018-03-31,CVR,2018-05-04,2018-05-04 16:02:38,Q1,10010000,7670000.0,2340000.0,0.23376623376623376,0.0,1460000.0,1464718000,0.0,1460000.000000001,9130000.0,0.0,330000.0,1240000.0,0.123876,880000.0,0.087912,30000.0,910000.0,0.090909,200000.0,710000.0,0.070929,0.73196,0.73196,970000.0,970000.0,https://www.sec.gov/Archives/edgar/data/19871/000119312518152742/0001193125-18-152742-index.htm,https://www.sec.gov/Archives/edgar/data/19871/000119312518089128/d512170d10k.htm
0,2017-12-31,CVR,2018-03-20,2018-03-20 16:02:41,Q4,8460000.0,6630000.0,1830000.0,0.21631205673758866,0.0,1340000.0,1343048000,0.0,1340000.0,7970000.0,0.0,309999.99999999994,1270000.0,0.150118,490000.0,0.05792,30000.0,520000.0,0.061466,190000.0,770000.0,0.091017,0.79381,0.79381,970000.0,970000.0,https://www.sec.gov/Archives/edgar/data/19871/000119312518089128/0001193125-18-089128-index.htm,https://www.sec.gov/Archives/edgar/data/19871/000119312518089128/d512170d10k.htm
0,2017-09-30,CVR,2017-11-06,2017-11-06 16:02:39,Q3,8390000.0,6630000.0,1760000.0,0.2097735399284863,0.0,1280000.0,1278646000,0.0,1280000.0000000002,7910000.0,0.0,310000.00000000006,820000.0,0.097735,480000.0,0.057211,20000.0,500000.0,0.059595,170000.0,340000.0,0.040524,0.35052,0.35052,970000.0,970000.0,https://www.sec.gov/Archives/edgar/data/19871/000119312517334252/0001193125-17-334252-index.htm,https://www.sec.gov/Archives/edgar/data/19871/000119312517334252/d485420d10q.htm
0,2017-06-30,CVR,2017-08-08,2017-08-08 16:02:49,Q2,9440000.0,7370000.0,2070000.0,0.21927966101694915,0.0,1420000.0,1420575000,0.0,1419999.999999999,8789999.999999998,0.0,310000.0,980000.0,0.103814,650000.0,0.068856,20000.0,670000.0,0.070975,210000.0,460000.0,0.048729,0.47423,0.47423,970000.0,970000.0,https://www.sec.gov/Archives/edgar/data/19871/000119312517251306/0001193125-17-251306-index.htm,https://www.sec.gov/Archives/edgar/data/19871/000119312517251306/d436432d10q.htm
0,2017-03-31,CVR,2017-05-05,2017-05-05 16:02:48,Q1,9480000.0,7230000.0,2250000.0,0.23734177215189872,0.0,1510000.0,1506272000,0.0,1500000.0,8730000.0,0.0,300000.0,1070000.0,0.112869,750000.0,0.079114,20000.0,770000.0,0.081224,260000.0,510000.0,0.053797,0.52577,0.52577,970000.0,970000.0,https://www.sec.gov/Archives/edgar/data/19871/000119312517160783/0001193125-17-160783-index.htm,https://www.sec.gov/Archives/edgar/data/19871/000119312517089303/d202002d10k.htm
0,2016-12-31,CVR,2017-03-20,2017-03-20 16:02:20,Q4,8750000.0,6730000.0,2020000.0,0.23085714285714284,0.0,1330000.0,1328751000,0.0,1330000.0,8060000.0,0.0,319999.99999999994,1030000.0,0.117714,690000.0,0.078857,20000.0,710000.0,0.081143,260000.0,450000.0,0.051429,0.46392,0.46392,970000.0,970000.0,https://www.sec.gov/Archives/edgar/data/19871/000119312517089303/0001193125-17-089303-index.htm,https://www.sec.gov/Archives/edgar/data/19871/000119312517089303/d202002d10k.htm
0,2016-09-30,CVR,2016-11-04,2016-11-04 16:02:42,Q3,8850000.0,6870000.0,1980000.0,0.22372881355932203,0.0,1320000.0,1322064000,0.0,1319999.9999999993,8189999.999999999,0.0,310000.00000000006,990000.0,0.111864,660000.0,0.074576,20000.0,680000.0,0.076836,220000.0,460000.0,0.051977,0.47423,0.47423,970000.0,970000.0,https://www.sec.gov/Archives/edgar/data/19871/000119312516760146/0001193125-16-760146-index.htm,https://www.sec.gov/Archives/edgar/data/19871/000119312516760146/d281242d10q.htm
0,2016-06-30,CVR,2016-08-05,2016-08-05 16:02:43,Q2,9820000.0,7210000.0,2610000.0,0.26578411405295316,0.0,1450000.0,1449902000,0.0,1450000.0000000002,8660000.0,0.0,310000.0,1490000.0,0.151731,1160000.0,0.118126,20000.0,1180000.0,0.120163,380000.0,800000.0,0.081466,0.82474,0.82474,970000.0,970000.0,https://www.sec.gov/Archives/edgar/data/19871/000119312516673456/0001193125-16-673456-index.htm,https://www.sec.gov/Archives/edgar/data/19871/000119312516673456/d236743d10q.htm
0,2016-03-31,CVR,2016-05-05,2016-05-05 17:04:20,Q1,9600000.0,7170000.0,2430000.0,0.253125,0.0,1460000.0,1458719000,0.0,1460000.000000001,8630000.0,0.0,300000.0,1290000.0,0.134375,970000.0,0.101042,10000.0,980000.0,0.102083,340000.0,650000.0,0.067708,0.6701,0.6701,970000.0,970000.0,https://www.sec.gov/Archives/edgar/data/19871/000119312516580143/0001193125-16-580143-index.htm,https://www.sec.gov/Archives/edgar/data/19871/000119312516511898/d48615d10k.htm
0,2015-12-31,CVR,2016-03-21,2016-03-21 16:03:20,Q4,8670000.0,7020000.0,1650000.0,0.1903114186851211,0.0,1280000.0,1279462000,0.0,1280000.0000000012,8300000.000000001,0.0,320000.00000000006,690000.0000000001,0.079585,360000.0,0.041522,10000.0,380000.0,0.043829,140000.0,230000.0,0.026528,0.23711,0.23711,970000.0,970000.0,https://www.sec.gov/Archives/edgar/data/19871/000119312516511898/0001193125-16-511898-index.htm,https://www.sec.gov/Archives/edgar/data/19871/000119312516511898/d48615d10k.htm
0,2015-09-30,CVR,2015-11-06,2015-11-06 16:01:54,Q3,9020000.0,7110000.0,1910000.0,0.21175166297117518,0.0,1290000.0,1294140000,0.0,1290000.0,8400000.0,0.0,309999.99999999994,939999.9999999999,0.104213,620000.0,0.068736,10000.0,630000.0,0.069845,210000.0,420000.0,0.046563,0.43299,0.43299,970000.0,970000.0,https://www.sec.gov/Archives/edgar/data/19871/000119312515370141/0001193125-15-370141-index.htm,https://www.sec.gov/Archives/edgar/data/19871/000119312515370141/d72093d10q.htm
0,2015-06-30,CVR,2015-08-07,2015-08-07 16:02:47,Q2,9210000.0,6960000.0,2250000.0,0.24429967426710097,0.0,1410000.0,1408854000,0.0,1409999.9999999993,8369999.999999999,0.0,320000.0,1170000.0,0.127036,840000.0,0.091205,10000.0,850000.0,0.092291,280000.0,570000.0,0.061889,0.58763,0.58763,970000.0,970000.0,https://www.sec.gov/Archives/edgar/data/19871/000119312515283047/0001193125-15-283047-index.htm,https://www.sec.gov/Archives/edgar/data/19871/000119312515283047/d79206d10q.htm
0,2015-03-31,CVR,2015-05-06,2015-05-06 16:01:47,Q1,9280000.0,7190000.0,2090000.0,0.2252155172413793,0.0,1430000.0,1425825000,0.0,1429999.9999999988,8619999.999999998,0.0,310000.0,990000.0,0.106681,670000.0,0.072198,10000.0,680000.0,0.073276,220000.0,460000.0,0.049569,0.47423,0.47423,970000.0,970000.0,https://www.sec.gov/Archives/edgar/data/19871/000119312515174458/0001193125-15-174458-index.htm,https://www.sec.gov/Archives/edgar/data/19871/000119312515100150/d865126d10k.htm
0,2014-12-31,CVR,2015-03-20,2015-03-20 16:02:48,Q4,8690000.0,6970000.0,1720000.0,0.19792865362485615,0.0,1320000.0,1318706000,0.0,1319999.9999999993,8289999.999999999,10000.0,329999.99999999994,750000.0,0.086306,400000.0,0.04603,45651.0,410000.0,0.047181,140000.0,270000.0,0.03107,0.27835,0.27835,970000.0,970000.0,https://www.sec.gov/Archives/edgar/data/19871/000119312515100150/0001193125-15-100150-index.htm,https://www.sec.gov/Archives/edgar/data/19871/000119312515100150/d865126d10k.htm
0,2014-09-30,CVR,2014-11-07,2014-11-07 16:36:16,Q3,9000000.0,6910000.0,2090000.0,0.23222222222222222,0.0,1330000.0,1326911000,0.0,1330000.0,8240000.0,0.0,310000.00000000006,1080000.0,0.12,760000.0,0.084444,10000.0,770000.0,0.085556,230000.0,540000.0,0.06,0.5567,0.5567,970000.0,970000.0,https://www.sec.gov/Archives/edgar/data/19871/000119312514403493/0001193125-14-403493-index.htm,https://www.sec.gov/Archives/edgar/data/19871/000119312514403493/d815261d10q.htm
0,2014-06-30,CVR,2014-08-08,2014-08-08 16:03:10,Q2,9500000.0,7260000.0,2240000.0,0.23578947368421052,0.0,1380000.0,1379886000,0.0,1380000.0000000007,8640000.0,0.0,310000.0,1180000.0,0.124211,860000.0,0.090526,10000.0,870000.0,0.091579,300000.0,570000.0,0.06,0.58763,0.58763,970000.0,970000.0,https://www.sec.gov/Archives/edgar/data/19871/000119312514303087/0001193125-14-303087-index.htm,https://www.sec.gov/Archives/edgar/data/19871/000119312514303087/d767567d10q.htm
0,2014-03-31,CVR,2014-05-09,2014-05-09 16:01:47,Q1,9950000.0,7690000.0,2260000.0,0.2271356783919598,0.0,1410000.0,1414052000,0.0,1409999.9999999993,9100000.0,0.0,310000.0,1170000.0,0.117588,850000.0,0.085427,10000.0,860000.0,0.086432,290000.0,570000.0,0.057286,0.58763,0.58763,970000.0,970000.0,https://www.sec.gov/Archives/edgar/data/19871/000119312514192407/0001193125-14-192407-index.htm,https://www.sec.gov/Archives/edgar/data/19871/000119312514110285/d663578d10k.htm
0,2013-12-31,CVR,2014-03-21,2014-03-21 16:01:48,Q4,9200000.0,7090000.0,2110000.0,0.22934782608695653,0.0,1330000.0,1325218000,0.0,1330000.0,8420000.0,10000.0,290000.00000000006,1100000.0,0.119565,780000.0,0.084783,149547.0,790000.0,0.08587,230000.0,570000.0,0.061957,0.58763,0.58763,970000.0,970000.0,https://www.sec.gov/Archives/edgar/data/19871/000119312514110285/0001193125-14-110285-index.htm,https://www.sec.gov/Archives/edgar/data/19871/000119312514110285/d663578d10k.htm
0,2013-09-30,CVR,2013-11-08,2013-11-08 16:01:45,Q3,9460000.0,6930000.0,2530000.0,0.26744186046511625,0.0,1390000.0,1391902000,0.0,1390000.0000000007,8320000.000000001,10000.0,270000.0,1500000.0,0.158562,1140000.0,0.120507,3600.0,1220000.0,0.128964,400000.0,820000.0,0.086681,0.84536,0.84536,970000.0,970000.0,https://www.sec.gov/Archives/edgar/data/19871/000119312513435173/0001193125-13-435173-index.htm,https://www.sec.gov/Archives/edgar/data/19871/000119312513435173/d621034d10q.htm
0,2013-06-30,CVR,2013-08-09,2013-08-09 16:01:46,Q2,9330000.0,7120000.0,2210000.0,0.23687031082529475,0.0,1330000.0,1328927000,0.0,1319999.9999999993,8440000.0,10000.0,260000.0,1210000.0,0.129689,880000.0,0.094319,4088.0,940000.0,0.10075,300000.0,640000.0,0.068596,0.65979,0.65979,970000.0,970000.0,https://www.sec.gov/Archives/edgar/data/19871/000119312513329136/0001193125-13-329136-index.htm,https://www.sec.gov/Archives/edgar/data/19871/000119312513329136/d579480d10q.htm
0,2013-03-31,CVR,2013-05-10,2013-05-10 16:05:09,Q1,9130000.0,7120000.0,2010000.0,0.22015334063526834,0.0,1350000.0,1351814000,0.0,1350000.0000000005,8470000.0,10000.0,270000.0,950000.0,0.104053,660000.0,0.072289,3600.0,670000.0,0.073384,220000.0,450000.0,0.049288,0.46392,0.46392,970000.0,970000.0,https://www.sec.gov/Archives/edgar/data/19871/000119312513214114/0001193125-13-214114-index.htm,https://www.sec.gov/Archives/edgar/data/19871/000119312513132228/d469568d10k.htm
0,2012-12-31,CVR,2013-03-28,2013-03-28 16:02:08,Q4,8060000.0,6300000.0,1760000.0,0.21836228287841192,0.0,1250000.0,1251888000,0.0,1259999.9999999998,7560000.0,10000.0,250000.0,790000.0,0.098015,500000.0,0.062035,106220.0,520000.0,0.064516,180000.0,350000.0,0.043424,0.36082,0.36082,970000.0,970000.0,https://www.sec.gov/Archives/edgar/data/19871/000119312513132228/0001193125-13-132228-index.htm,https://www.sec.gov/Archives/edgar/data/19871/000119312513132228/d469568d10k.htm
0,2012-09-30,CVR,2012-11-06,2012-11-06 16:34:33,Q3,8540000.0,6610000.0,1930000.0,0.2259953161592506,0.0,1260000.0,1263236000,0.0,1269999.9999999995,7880000.0,10000.0,250000.0,930000.0,0.108899,660000.0,0.077283,3600.0,670000.0,0.078454,210000.0,460000.0,0.053864,0.47423,0.47423,970000.0,970000.0,https://www.sec.gov/Archives/edgar/data/19871/000119312512454627/0001193125-12-454627-index.htm,https://www.sec.gov/Archives/edgar/data/19871/000119312512454627/d432625d10q.htm
0,2012-06-30,CVR,2012-08-10,2012-08-10 16:27:00,Q2,8430000.0,6530000.0,1900000.0,0.22538552787663108,0.0,1280000.0,1280038000,0.0,1279999.9999999993,7809999.999999999,10000.0,250000.0,920000.0,0.109134,620000.0,0.073547,4088.0,660000.0,0.078292,220000.0,440000.0,0.052195,0.45361,0.45361,970000.0,970000.0,https://www.sec.gov/Archives/edgar/data/19871/000119312512350047/0001193125-12-350047-index.htm,https://www.sec.gov/Archives/edgar/data/19871/000119312512350047/d392666d10q.htm
0,2012-03-31,CVR,2012-05-04,2012-05-04 16:08:00,Q1,9200000.0,7120000.0,2080000.0,0.22608695652173913,0.0,1390000.0,1391598000,0.0,1389999.9999999998,8510000.0,10000.0,240000.0,980000.0,0.106522,690000.0,0.075,4191.0,730000.0,0.079348,240000.0,490000.0,0.053261,0.50515,0.50515,970000.0,970000.0,https://www.sec.gov/Archives/edgar/data/19871/000119312512211921/0001193125-12-211921-index.htm,https://www.sec.gov/Archives/edgar/data/19871/000119312512137299/d291343d10k.htm
0,2011-12-31,CVR,2012-03-28,2012-03-28 16:05:32,Q4,7150000.0,5620000.0,1530000.0,0.213986013986014,0.0,1200000.0,1201071000,0.0,1200000.0000000002,6820000.0,10000.0,250000.0,600000.0,0.083916,330000.0,0.046154,238426.0,340000.0,0.047552,110000.0,230000.0,0.032168,0.23711,0.23711,970000.0,970000.0,https://www.sec.gov/Archives/edgar/data/19871/000119312512137299/0001193125-12-137299-index.htm,https://www.sec.gov/Archives/edgar/data/19871/000119312512137299/d291343d10k.htm
0,2011-09-30,CVR,2011-11-08,2011-11-08 16:13:50,Q3,7820000.0,6080000.0,1740000.0,0.22250639386189258,0.0,1290000.0,1288872000,0.0,1280000.0000000002,7360000.0,10000.0,240000.0,720000.0,0.092072,460000.0,0.058824,3600.0,470000.0,0.060102,150000.0,320000.0,0.040921,0.3299,0.3299,970000.0,970000.0,https://www.sec.gov/Archives/edgar/data/19871/000119312511302153/0001193125-11-302153-index.htm,https://www.sec.gov/Archives/edgar/data/19871/000119312511302153/d253284d10q.htm
0,2011-06-30,CVR,2011-08-09,2011-08-09 16:07:23,Q2,8130000.0,6210000.0,1920000.0,0.23616236162361623,0.0,1260000.0,1260493000,0.0,1250000.0,7460000.0,10000.0,240000.0,1130000.0,0.138991,670000.0,0.082411,4178.0,870000.0,0.107011,290000.0,590000.0,0.072571,0.60825,0.60825,970000.0,970000.0,https://www.sec.gov/Archives/edgar/data/19871/000095012311075088/0000950123-11-075088-index.htm,https://www.sec.gov/Archives/edgar/data/19871/000095012311075088/c65719e10vq.htm
0,2011-03-31,CVR,2011-05-09,2011-05-09 16:08:59,Q1,7810000.0,6370000.0,1440000.0,0.18437900128040974,0.0,1290000.0,1283015000,0.0,1280000.0000000002,7650000.0,10000.0,240000.0,430000.0,0.055058,160000.0,0.020487,3600.0,180000.0,0.023047,60000.0,120000.0,0.015365,0.12371,0.12371,970000.0,970000.0,https://www.sec.gov/Archives/edgar/data/19871/000095012311047386/0000950123-11-047386-index.htm,https://www.sec.gov/Archives/edgar/data/19871/000095012311029728/c63630e10vk.htm
0,2010-12-31,CVR,2011-03-28,2011-03-28 16:19:54,Q4,6870000.0,5690000.0,1180000.0,0.1717612809315866,0.0,1120000.0,-3688651000,0.0,1119999.9999999993,6809999.999999999,10000.0,260000.0,350000.0,0.050946,60000.0,0.008734,-11378.0,80000.0,0.011645,30000.0,50000.0,0.007278,0.05155,0.05155,970000.0,970000.0,https://www.sec.gov/Archives/edgar/data/19871/000095012311029728/0000950123-11-029728-index.htm,https://www.sec.gov/Archives/edgar/data/19871/000095012311029728/c63630e10vk.htm
0,2010-09-30,CVR,2010-11-05,2010-11-05 16:16:49,Q3,6950000.0,5670000.0,1280000.0,0.1841726618705036,0.0,1140000.0,1139115000,0.0,1139999.9999999998,6810000.0,10000.0,250000.0,420000.0,0.060432,140000.0,0.020144,3600.0,150000.0,0.021583,50000.0,110000.0,0.015827,0.1134,0.1134,970000.0,970000.0,https://www.sec.gov/Archives/edgar/data/19871/000095012310101708/0000950123-10-101708-index.htm,https://www.sec.gov/Archives/edgar/data/19871/000095012310101708/c61073e10vq.htm
0,2010-06-30,CVR,2010-08-06,2010-08-06 16:22:43,Q2,7940000.0,6030000.0,1910000.0,0.24055415617128464,0.0,1320000.0,1315701000,0.0,1319999.9999999993,7349999.999999999,10000.0,240000.0,860000.0,0.108312,590000.0,0.074307,4178.0,610000.0,0.076826,190000.0,420000.0,0.052897,0.43299,0.43299,970000.0,970000.0,https://www.sec.gov/Archives/edgar/data/19871/000095012310074333/0000950123-10-074333-index.htm,https://www.sec.gov/Archives/edgar/data/19871/000095012310074333/c59538e10vq.htm
0,2010-03-31,CVR,2010-05-07,2010-05-07 16:17:58,Q1,6760000.0,5500000.0,1260000.0,0.1863905325443787,0.0,1230000.0,1233835000,0.0,1230000.0000000005,6730000.0,10000.0,250000.0,310000.0,0.045858,30000.0,0.004438,3600.0,50000.0,0.007396,20000.0,30000.0,0.004438,0.03093,0.03093,970000.0,970000.0,https://www.sec.gov/Archives/edgar/data/19871/000095012310046413/0000950123-10-046413-index.htm,https://www.sec.gov/Archives/edgar/data/19871/000095012310027218/c56938e10vk.htm
0,2009-12-31,CVR,2010-03-23,2010-03-23 16:20:40,Q4,6460000.0,5330000.0,1130000.0,0.17492260061919504,0.0,1110000.0,-3649790000,0.0,1120000.0,6450000.0,10000.0,270000.0,320000.0,0.049536,20000.0,0.003096,-11482.0,30000.0,0.004644,10000.0,30000.0,0.004644,0.03093,0.03093,970000.0,970000.0,https://www.sec.gov/Archives/edgar/data/19871/000095012310027218/0000950123-10-027218-index.htm,https://www.sec.gov/Archives/edgar/data/19871/000095012310027218/c56938e10vk.htm
0,2009-09-30,CVR,2009-11-10,2009-11-10 09:26:03,Q3,5490000.0,4750000.0,740000.0,0.13479052823315119,0.0,1130000.0,1134805000,0.0,1130000.0,5880000.0,20000.0,260000.0,-90000.0,-0.016393,-390000.0,-0.071038,3600.0,-370000.0,-0.067395,-120000.0,-250000.0,-0.045537,-0.25773,-0.25773,970000.0,970000.0,https://www.sec.gov/Archives/edgar/data/19871/000095012309060563/0000950123-09-060563-index.htm,https://www.sec.gov/Archives/edgar/data/19871/000095012309060563/c54457e10vq.htm
0,2009-06-30,CVR,2009-08-11,2009-08-11 16:26:05,Q2,4680000.0,4140000.0,540000.0,0.11538461538461539,0.0,1240000.0,1234909000,0.0,1240000.0000000002,5380000.0,30000.0,250000.0,-390000.0,-0.083333,-700000.0,-0.149573,4282.0,-670000.0,-0.143162,-230000.0,-440000.0,-0.094017,-0.45361,-0.45361,970000.0,970000.0,https://www.sec.gov/Archives/edgar/data/19871/000095012309033541/0000950123-09-033541-index.htm,https://www.sec.gov/Archives/edgar/data/19871/000095012309033541/c52871e10vq.htm
0,2009-03-31,CVR,2009-05-11,2009-05-11 16:44:07,Q1,4760000.0,4490000.0,270000.0,0.05672268907563025,0.0,1280000.0,1280076000,0.0,1279999.9999999993,5769999.999999999,50000.0,250000.0,-650000.0,-0.136555,-1010000.0,-0.212185,3600.0,-950000.0,-0.19958,-330000.0,-620000.0,-0.130252,-0.63918,-0.63918,970000.0,970000.0,https://www.sec.gov/Archives/edgar/data/19871/000095013709003844/0000950137-09-003844-index.htm,https://www.sec.gov/Archives/edgar/data/19871/000095013709002073/c49941e10vk.htm
0,2008-12-31,CVR,2009-03-20,2009-03-20 16:21:15,Q4,5400000.0,5160000.0,240000.0,0.044444444444444446,0.0,1260000.0,-3923055000,0.0,1259999.9999999998,6420000.0,60000.0,280000.0,-630000.0,-0.116667,-1030000.0,-0.190741,-11378.0,-970000.0,-0.17963,-330000.0,-640000.0,-0.118519,-0.65979,-0.65979,970000.0,970000.0,https://www.sec.gov/Archives/edgar/data/19871/000095013709002073/0000950137-09-002073-index.htm,https://www.sec.gov/Archives/edgar/data/19871/000095013709002073/c49941e10vk.htm
0,2008-09-30,CVR,2008-11-10,2008-11-10 16:23:36,Q3,6660000.0,5760000.0,900000.0,0.13513513513513514,0.0,1250000.0,1250338000,0.0,1250000.0,7010000.0,50000.0,260000.0,10000.0,0.001502,-350000.0,-0.052553,3600.0,-300000.0,-0.045045,-100000.0,-200000.0,-0.03003,-0.20619,-0.20619,970000.0,970000.0,https://www.sec.gov/Archives/edgar/data/19871/000095013708013600/0000950137-08-013600-index.htm,https://www.sec.gov/Archives/edgar/data/19871/000095013708013600/c47472e10vq.htm
0,2008-06-30,CVR,2008-08-11 00:00:00,2008-08-11 15:43:15,Q2,8050000.0,6810000.0,1230000.0,0.152795,0.0,1320000.0,0.0,0.0,1330000.000000001,8140000.000000001,50000.0,270000.0,290000.0,0.036025,-90000.0,-0.01118,0.0,-30000.0,-0.003727,-10000.0,-20000.0,-0.002484,-0.02041,-0.02041,980000.0,980000.0,https://www.sec.gov/Archives/edgar/data/19871/000095013708010508/0000950137-08-010508-index.html,https://www.sec.gov/Archives/edgar/data/19871/000095013708010508/c34523e10vq.htm
0,2008-03-31,CVR,2008-05-09 00:00:00,2008-05-09 16:36:03,Q1,8420000.0,7100000.0,1310000.0,0.155582,0.0,1350000.0,0.0,0.0,1349999.9999999995,8450000.0,80000.0,270000.0,400000.0,0.047506,-40000.0,-0.004751,0.0,50000.0,0.005938,20000.0,30000.0,0.003563,0.03093,0.03093,970000.0,970000.0,https://www.sec.gov/Archives/edgar/data/19871/000095013708007164/0000950137-08-007164-index.html,https://www.sec.gov/Archives/edgar/data/19871/000095013708007164/c26511e10vq.txt
0,2007-12-31,CVR,,Not found...,Q4,8660000.0,7370000.0,1280000.0,0.147806,0.0,1320000.0,0.0,0.0,1319999.9999999993,8690000.0,80000.0,289999.9999999999,419999.9999999999,0.048499,-40000.0,-0.004619,10000.0,50000.0,0.005774,-10000.0,60000.0,0.006928,0.06186,0.06186,970000.0,970000.0,,
0,2007-09-30,CVR,2007-11-07 00:00:00,2007-11-07 16:01:39,Q3,9040000.0,7170000.0,1870000.0,0.206858,0.0,1370000.0,0.0,0.0,1380000.0000000007,8550000.0,80000.0,289999.9999999999,949999.9999999999,0.105088,500000.0,0.05531,0.0,580000.0,0.064159,210000.0,370000.0,0.040929,0.38144,0.38144,970000.0,970000.0,https://www.sec.gov/Archives/edgar/data/19871/000095013707016728/0000950137-07-016728-index.html,https://www.sec.gov/Archives/edgar/data/19871/000095013707016728/c21235e10vq.txt
0,2007-06-30,CVR,2007-08-13 00:00:00,2007-08-13 16:11:15,Q2,10130000,7940000.0,2190000.0,0.21619,0.0,1460000.0,0.0,0.0,1469999.9999999998,9410000.0,70000.0,280000.0,1150000.0,0.113524,720000.0,0.071076,10000.0,800000.0,0.078973,280000.0,520000.0,0.051333,0.53608,0.53608,970000.0,970000.0,https://www.sec.gov/Archives/edgar/data/19871/000095013707012200/0000950137-07-012200-index.html,https://www.sec.gov/Archives/edgar/data/19871/000095013707012200/c17695e10vq.txt
0,2007-03-31,CVR,2007-05-04 00:00:00,2007-05-04 16:49:13,Q1,9950000.0,8050000.0,1890000.0,0.18995,0.0,1460000.0,0.0,0.0,1489999.9999999984,9539999.999999998,70000.0,280000.0,840000.0,0.084422,410000.0,0.041206,0.0,490000.0,0.049246,180000.0,310000.0,0.031156,0.31959,0.31959,970000.0,970000.0,https://www.sec.gov/Archives/edgar/data/19871/000095013707006823/0000950137-07-006823-index.html,https://www.sec.gov/Archives/edgar/data/19871/000095013707006823/c14914e10vq.txt
0,2006-12-31,CVR,,,Q4,9240000.0,8010000.0,1230000.0,0.133117,0.0,1280000.0,0.0,0.0,1290000.000000001,9300000.000000002,70000.0,419999.99999999994,509999.99999999994,0.055195,-60000.0,-0.006494,0.0,20000.0,0.002165,-10000.0,30000.0,0.003247,0.03093,0.03093,970000.0,970000.0,,
0,2006-09-30,CVR,,,Q3,9130000.0,7350000.0,1780000.0,0.194962,0.0,1490000.0,0.0,0.0,1500000.0,8850000.0,70000.0,420000.00000000006,840000.0,0.092004,280000.0,0.030668,0.0,350000.0,0.038335,110000.0,240000.0,0.026287,0.24742,0.24742,970000.0,970000.0,,
0,2006-06-30,CVR,,,Q2,11060000,8380000.0,2680000.0,0.242315,0.0,1640000.0,0.0,0.0,2039999.999999999,10419999.999999998,50000.0,410000.0,1160000.0,0.104882,640000.0,0.057866,0.0,700000.0,0.063291,230000.0,470000.0,0.042495,0.48454,0.48454,970000.0,970000.0,,
0,2006-03-31,CVR,,,Q1,10940000,8790000.0,2160000.0,0.197441,0.0,1630000.0,0.0,0.0,1630000.0000000007,10420000,60000.0,410000.0,1060000.0,0.096892,530000.0,0.048446,10000.0,590000.0,0.053931,200000.0,390000.0,0.035649,0.40206,0.40206,970000.0,970000.0,,
0,2005-12-31,CVR,,,Q4,9890000.0,8670000.0,1220000.0,0.123357,0.0,1540000.0,0.0,0.0,1540000.000000001,10210000.000000002,50000.0,429999.99999999994,469999.99999999994,0.047523,-320000.0,-0.032356,260000.0,-10000.0,-0.001011,-10000.0,0.0,0.0,-0.01,-0.01,970000.0,970000.0,,
0,2005-09-30,CVR,,,Q3,9720000.0,8260000.0,1460000.0,0.150206,0.0,1750000.0,0.0,0.0,1750000.0,10010000,40000.0,430000.00000000006,210000.00000000006,0.021605,-290000.0,-0.029835,0.0,-250000.0,-0.02572,-90000.0,-170000.0,-0.01749,-0.17526,-0.17526,970000.0,970000.0,,
0,2005-06-30,CVR,,,Q2,10070000,8650000.0,1420000.0,0.141013,0.0,1680000.0,0.0,0.0,1679999.9999999998,10330000,30000.0,420000.0,220000.0,0.021847,-270000.0,-0.026812,0.0,-230000.0,-0.02284,-80000.0,-150000.0,-0.014896,-0.15464,-0.15464,970000.0,970000.0,,
0,2005-03-31,CVR,,,Q1,10080000,8480000.0,1600000.0,0.15873,0.0,1750000.0,0.0,0.0,1750000.0,10230000,30000.0,420000.0,330000.0,0.032738,-150000.0,-0.014881,10000.0,-120000.0,-0.011905,-40000.0,-80000.0,-0.007937,-0.08247,-0.08247,970000.0,970000.0,,
0,2004-12-31,CVR,,,Q4,9500000.0,7630000.0,1870000.0,0.196842,0.0,1530000.0,0.0,0.0,1530000.0000000002,9160000.0,20000.0,449999.99999999994,830000.0,0.087368,340000.0,0.035789,0.0,370000.0,0.038947,120000.0,240000.0,0.025263,0.24742,0.24742,970000.0,970000.0,,
0,2004-09-30,CVR,,,Q3,9320000.0,7170000.0,2150000.0,0.230687,0.0,1260000.0,0.0,0.0,1259999.9999999998,8430000.0,20000.0,440000.00000000006,1380000.0,0.148069,900000.0,0.096567,0.0,920000.0,0.098712,320000.0,600000.0,0.064378,0.61856,0.61856,970000.0,970000.0,,
0,2004-06-30,CVR,,,Q2,10240000,8010000.0,2230000.0,0.217773,0.0,1660000.0,0.0,0.0,1660000.0,9670000.0,10000.0,440000.0,1040000.0,0.101563,570000.0,0.055664,0.0,590000.0,0.057617,200000.0,390000.0,0.038086,0.40206,0.40206,970000.0,970000.0,,
0,2004-03-31,CVR,,,Q1,10170000,8150000.0,2020000.0,0.198623,0.0,1600000.0,0.0,0.0,1590000.0,9740000.0,10000.0,430000.0,880000.0,0.086529,430000.0,0.042281,0.0,440000.0,0.043265,150000.0,290000.0,0.028515,0.29897,0.29897,970000.0,970000.0,,
0,2003-12-31,CVR,,,Q4,9120000.0,7520000.0,1590000.0,0.174342,0.0,1410000.0,0.0,0.0,1420000.0,8940000.0,10000.0,470000.0000000002,680000.0000000002,0.074561,180000.0,0.019737,0.0,190000.0,0.020833,70000.0,130000.0,0.014254,0.13402,0.13402,970000.0,970000.0,,
0,2003-09-30,CVR,,,Q3,8830000.0,7290000.0,1540000.0,0.174405,0.0,1560000.0,0.0,0.0,1559999.9999999995,8850000.0,10000.0,459999.9999999998,479999.9999999998,0.05436,-20000.0,-0.002265,0.0,10000.0,0.001133,0.0,10000.0,0.001133,0.01031,0.01031,970000.0,970000.0,,
0,2003-06-30,CVR,,,Q2,10010000,8080000.0,1930000.0,0.192807,0.0,1620000.0,0.0,0.0,1609999.9999999993,9690000.0,10000.0,470000.00000000006,810000.0,0.080919,320000.0,0.031968,0.0,330000.0,0.032967,110000.0,220000.0,0.021978,0.2268,0.2268,970000.0,970000.0,,
0,2003-03-31,CVR,,,Q1,10240000,7850000.0,2390000.0,0.233398,0.0,1700000.0,0.0,0.0,1700000.000000001,9550000.000000002,10000.0,460000.0,1170000.0,0.114258,690000.0,0.067383,0.0,710000.0,0.069336,240000.0,460000.0,0.044922,0.47423,0.47423,970000.0,970000.0,,
0,2002-12-31,CVR,,,Q4,10290000,7680000.0,2610000.0,0.253644,0.0,1640000.0,0.0,0.0,1640000.0000000007,9320000.0,0.0,490000.0,1470000.0,0.142857,980000.0,0.095238,0.0,980000.0,0.095238,340000.0,640000.0,0.062196,0.65979,0.65979,970000.0,970000.0,,
0,2002-09-30,CVR,2002-11-01 00:00:00,2002-11-01 08:16:39,Q3,9830000.0,7550000.0,2280000.0,0.231943,0.0,1620000.0,0.0,0.0,1620000.0,9170000.0,0.0,470000.0,1130000.0,0.114954,660000.0,0.067141,0.0,660000.0,0.067141,220000.0,440000.0,0.044761,0.45361,0.45361,970000.0,970000.0,https://www.sec.gov/Archives/edgar/data/19871/000095013702005704/0000950137-02-005704-index.html,https://www.sec.gov/Archives/edgar/data/19871/000095013702005704/c72676e10vq.txt
0,2002-06-30,CVR,2002-08-12 00:00:00,2002-08-12 16:42:44,Q2,12440000,9320000.0,3120000.0,0.250804,0.0,1760000.0,0.0,0.0,1759999.9999999998,11080000,0.0,480000.0,1850000.0,0.148714,1360000.0,0.109325,10000.0,1370000.0,0.110129,470000.0,900000.0,0.072347,0.92784,0.92784,970000.0,970000.0,https://www.sec.gov/Archives/edgar/data/19871/000095013702004304/0000950137-02-004304-index.html,https://www.sec.gov/Archives/edgar/data/19871/000095013702004304/c71154e10vq.txt
0,2002-03-31,CVR,2002-05-03 00:00:00,2002-05-03 12:27:57,Q1,10450000,7880000.0,2580000.0,0.24689,0.0,1660000.0,0.0,0.0,1649999.9999999995,9530000.0,0.0,480000.0,1430000.0,0.136842,920000.0,0.088038,0.0,950000.0,0.090909,320000.0,630000.0,0.060287,0.64948,0.64948,970000.0,970000.0,https://www.sec.gov/Archives/edgar/data/19871/000095013702002693/0000950137-02-002693-index.html,https://www.sec.gov/Archives/edgar/data/19871/000095013702002693/c69293e10-q.txt
0,2001-12-31,CVR,,,Q4,9200000.0,7410000.0,1790000.0,0.194565,0.0,1370000.0,0.0,0.0,1369999.9999999993,8780000.0,-10000.0,500000.0,900000.0,0.097826,420000.0,0.045652,0.0,410000.0,0.044565,120000.0,290000.0,0.031522,0.29897,0.29897,970000.0,970000.0,,
0,2001-09-30,CVR,2001-10-30 00:00:00,2001-10-30 00:00:00,Q3,9400000.0,7070000.0,2330000.0,0.247872,0.0,1700000.0,0.0,0.0,1699999.9999999993,8770000.0,-20000.0,480000.0,1110000.0,0.118085,630000.0,0.067021,0.0,640000.0,0.068085,220000.0,430000.0,0.045745,0.4433,0.4433,970000.0,970000.0,https://www.sec.gov/Archives/edgar/data/19871/000095013701504160/0000950137-01-504160-index.html,https://www.sec.gov/Archives/edgar/data/19871/000095013701504160/c65662e10-q.txt
0,2001-06-30,CVR,2001-08-07 00:00:00,2001-08-07 00:00:00,Q2,11220000,8400000.0,2820000.0,0.251337,0.0,1680000.0,0.0,0.0,1670000.0,10070000,-40000.0,470000.0,1560000.0,0.139037,1140000.0,0.101604,10000.0,1120000.0,0.099822,390000.0,740000.0,0.065954,0.76289,0.76289,970000.0,970000.0,https://www.sec.gov/Archives/edgar/data/19871/000095013701502729/0000950137-01-502729-index.html,https://www.sec.gov/Archives/edgar/data/19871/000095013701502729/c64153e10-q.txt
0,2001-03-31,CVR,2001-05-04 00:00:00,2001-05-04 00:00:00,Q1,10630000,8380000.0,2250000.0,0.211665,0.0,1700000.0,0.0,0.0,1699999.9999999993,10080000,-50000.0,470000.0,930000.0,0.087488,550000.0,0.05174,0.0,510000.0,0.047977,170000.0,340000.0,0.031985,0.35052,0.35052,970000.0,970000.0,https://www.sec.gov/Archives/edgar/data/19871/000095013701501211/0000950137-01-501211-index.html,https://www.sec.gov/Archives/edgar/data/19871/000095013701501211/c62091e10-q.txt
0,2000-12-31,CVR,2001-03-29 00:00:00,2001-03-29 00:00:00,Q4,10270000,7790000.0,2490000.0,0.242454,0.0,1630000.0,0.0,0.0,1620000.0,9410000.0,-50000.0,490000.0,1270000.0,0.123661,860000.0,0.083739,10000.0,820000.0,0.079844,260000.0,570000.0,0.055501,0.58763,0.58763,970000.0,970000.0,https://www.sec.gov/Archives/edgar/data/19871/000095013701000943/0000950137-01-000943-index.html,https://www.sec.gov/Archives/edgar/data/19871/000095013701000943/c61217e10-k.txt
0,2000-09-30,CVR,2000-11-03 00:00:00,2000-11-03 00:00:00,Q3,10350000,8080000.0,2260000.0,0.218357,0.0,1800000.0,0.0,0.0,1800000.0000000007,9880000.0,-60000.0,469999.9999999999,819999.9999999999,0.079227,470000.0,0.045411,10000.0,420000.0,0.04058,140000.0,270000.0,0.026087,0.27551,0.27551,980000.0,980000.0,https://www.sec.gov/Archives/edgar/data/19871/000095013700004616/0000950137-00-004616-index.html,https://www.sec.gov/Archives/edgar/data/19871/000095013700004616/c58223e10-q.txt
0,2000-06-30,CVR,2000-08-11 00:00:00,2000-08-11 00:00:00,Q2,12370000,8720000.0,3650000.0,0.295069,0.0,2240000.0,0.0,0.0,2229999.9999999986,10949999.999999998,-70000.0,460000.0000000001,1730000.0,0.139854,1410000.0,0.113985,0.0,1340000.0,0.108327,440000.0,900000.0,0.072757,0.9,0.9,1000000.0,1000000.0,https://www.sec.gov/Archives/edgar/data/19871/000095013700003599/0000950137-00-003599-index.html,https://www.sec.gov/Archives/edgar/data/19871/000095013700003599/e10-q.txt
0,2000-03-31,CVR,2000-05-12 00:00:00,2000-05-12 00:00:00,Q1,12440000,8890000.0,3540000.0,0.284566,0.0,2150000.0,0.0,0.0,2149999.9999999986,11039999.999999998,0.0,470000.0,1880000.0,0.151125,1400000.0,0.11254,0.0,1410000.0,0.113344,490000.0,920000.0,0.073955,0.80702,0.80702,1140000.0,1140000.0,https://www.sec.gov/Archives/edgar/data/19871/000095013700002315/0000950137-00-002315-index.html,https://www.sec.gov/Archives/edgar/data/19871/0000950137-00-002315.txt
0,1999-12-31,CVR,,,Q4,11910000,8250000.0,3660000.0,0.307305,0.0,2360000.0,0.0,-190000.0,2160000.0,10410000,0.0,389999.9999999999,1880000.0,0.157851,1500000.0,0.125945,10000.0,1490000.0,0.125105,490000.0,1000000.0,0.083963,0.86957,0.86957,1150000.0,1150000.0,,
0,1999-09-30,CVR,1999-11-08 00:00:00,1999-11-08 00:00:00,Q3,11720000,8420000.0,3300000.0,0.28157,0.0,2010000.0,0.0,0.0,2019999.9999999995,10440000,-10000.0,430000.00000000006,1700000.0,0.145051,1290000.0,0.110068,0.0,1280000.0,0.109215,460000.0,820000.0,0.069966,0.71304,0.71304,1150000.0,1150000.0,https://www.sec.gov/Archives/edgar/data/19871/000095013799003941/0000950137-99-003941-index.html,https://www.sec.gov/Archives/edgar/data/19871/0000950137-99-003941.txt
0,1999-06-30,CVR,1999-08-10 00:00:00,1999-08-10 00:00:00,Q2,12930000,10180000,2760000.0,0.213457,0.0,2030000.0,0.0,0.0,2030000.000000001,12210000.000000002,-20000.0,470000.00000000006,1170000.0,0.090487,730000.0,0.056458,0.0,720000.0,0.055684,240000.0,480000.0,0.037123,0.41739,0.41739,1150000.0,1150000.0,https://www.sec.gov/Archives/edgar/data/19871/000095013799002886/0000950137-99-002886-index.html,https://www.sec.gov/Archives/edgar/data/19871/0000950137-99-002886.txt
0,1999-03-31,CVR,1999-05-17 00:00:00,1999-05-17 00:00:00,Q1,12520000,8870000.0,3640000.0,0.290735,0.0,1700000.0,0.0,190000.0,1890000.0000000007,10760000,-30000.0,420000.0,2130000.0,0.170128,1760000.0,0.140575,0.0,1740000.0,0.138978,590000.0,1150000.0,0.091853,1.0,1.0,1150000.0,1150000.0,https://www.sec.gov/Archives/edgar/data/19871/000095013799001695/0000950137-99-001695-index.html,https://www.sec.gov/Archives/edgar/data/19871/0000950137-99-001695.txt
0,1998-12-31,CVR,,,Q4,12110000,8570000.0,3540000.0,0.29232,0.0,2760000.0,0.0,-390000.0,2369999.999999999,10939999.999999998,0.0,389999.9999999999,1530000.0,0.126342,1170000.0,0.096614,-30000.0,1140000.0,0.094137,200000.0,940000.0,0.077622,0.81739,0.81739,1150000.0,1150000.0,,
0,1998-09-30,CVR,1998-11-13 00:00:00,1998-11-13 00:00:00,Q3,10330000,7150000.0,3180000.0,0.307841,0.0,1820000.0,0.0,130000.0,1949999.9999999993,9100000.0,-20000.0,350000.0000000001,1540000.0,0.14908,1230000.0,0.119071,0.0,1210000.0,0.117135,490000.0,720000.0,0.0697,0.62069,0.62069,1160000.0,1160000.0,https://www.sec.gov/Archives/edgar/data/19871/000095012498006461/0000950124-98-006461-index.html,https://www.sec.gov/Archives/edgar/data/19871/0000950124-98-006461.txt
0,1998-06-30,CVR,1998-08-13 00:00:00,1998-08-13 00:00:00,Q2,10820000,7630000.0,3200000.0,0.295749,0.0,1740000.0,0.0,140000.0,1880000.0,9510000.0,-50000.0,390000.0,1640000.0,0.151571,1310000.0,0.121072,40000.0,1300000.0,0.120148,520000.0,780000.0,0.072089,0.67241,0.67241,1160000.0,1160000.0,https://www.sec.gov/Archives/edgar/data/19871/000095013798003192/0000950137-98-003192-index.html,https://www.sec.gov/Archives/edgar/data/19871/0000950137-98-003192.txt
0,1998-03-31,CVR,1998-05-15 00:00:00,1998-05-15 00:00:00,Q1,11670000,8270000.0,3400000.0,0.291345,0.0,1820000.0,0.0,120000.0,1940000.0000000014,10210000.000000002,-20000.0,370000.0,1780000.0,0.152528,1460000.0,0.125107,-30000.0,1430000.0,0.122536,510000.0,920000.0,0.078835,0.78632,0.78632,1170000.0,1170000.0,https://www.sec.gov/Archives/edgar/data/19871/000095013798002136/0000950137-98-002136-index.html,https://www.sec.gov/Archives/edgar/data/19871/0000950137-98-002136.txt
0,1997-12-31,CVR,,,Q4,10960000,7270000.0,3690000.0,0.336679,0.0,2250000.0,0.0,-450000.0,1800000.0000000007,9070000.0,0.0,359999.9999999999,2430000.0,0.221715,1890000.0,0.172445,190000.0,2070000.0,0.188869,720000.0,1350000.0,0.123175,1.15385,1.15385,1170000.0,1170000.0,,
0,1997-09-30,CVR,1997-11-10 00:00:00,1997-11-10 00:00:00,Q3,10120000,6930000.0,3200000.0,0.316206,0.0,1730000.0,0.0,110000.0,1840000.0,8770000.0,0.0,339999.99999999994,1430000.0,0.141304,1360000.0,0.134387,-270000.0,1090000.0,0.107708,390000.0,700000.0,0.06917,0.59829,0.59829,1170000.0,1170000.0,https://www.sec.gov/Archives/edgar/data/19871/000095017297001043/0000950172-97-001043-index.html,https://www.sec.gov/Archives/edgar/data/19871/0000950172-97-001043.txt
0,1997-06-30,CVR,1997-08-13 00:00:00,1997-08-13 00:00:00,Q2,11570000,7810000.0,3750000.0,0.324114,0.0,1890000.0,0.0,200000.0,2090000.0000000007,9900000.0,0.0,340000.0,2050000.0,0.177182,1660000.0,0.143475,50000.0,1710000.0,0.147796,640000.0,1070000.0,0.092481,0.91453,0.91453,1170000.0,1170000.0,https://www.sec.gov/Archives/edgar/data/19871/000095013797002746/0000950137-97-002746-index.html,https://www.sec.gov/Archives/edgar/data/19871/0000950137-97-002746.txt
0,1997-03-31,CVR,1997-05-14 00:00:00,1997-05-14 00:00:00,Q1,11900000,8790000.0,3110000.0,0.261345,0.0,1700000.0,0.0,140000.0,1840000.0000000016,10630000.000000002,0.0,340000.0,1500000.0,0.12605,1270000.0,0.106723,-100000.0,1170000.0,0.098319,430000.0,730000.0,0.061345,0.62393,0.62393,1170000.0,1170000.0,https://www.sec.gov/Archives/edgar/data/19871/000095013797001930/0000950137-97-001930-index.html,https://www.sec.gov/Archives/edgar/data/19871/0000950137-97-001930.txt
0,1996-12-31,CVR,,,Q4,6220000.0,3870000.0,2350000.0,0.377814,0.0,1230000.0,0.0,-150000.0,1080000.0,4950000.0,0.0,250000.0,1540000.0,0.247588,1270000.0,0.20418,20000.0,1290000.0,0.207395,510000.0,780000.0,0.125402,0.66667,0.66667,1170000.0,1170000.0,,
0,1996-09-30,CVR,1996-11-13 00:00:00,1996-11-13 00:00:00,Q3,4810000.0,3210000.0,1590000.0,0.330561,0.0,1090000.0,0.0,50000.0,1139999.9999999998,4350000.0,0.0,159999.99999999997,770000.0,0.160083,460000.0,0.095634,160000.0,610000.0,0.126819,230000.0,380000.0,0.079002,0.32479,0.32479,1170000.0,1170000.0,https://www.sec.gov/Archives/edgar/data/19871/000095013796002270/0000950137-96-002270-index.html,https://www.sec.gov/Archives/edgar/data/19871/0000950137-96-002270.txt
0,1996-06-30,CVR,1996-08-13 00:00:00,1996-08-13 00:00:00,Q2,6160000.0,4250000.0,1910000.0,0.310065,0.0,1260000.0,0.0,50000.0,1309999.9999999995,5560000.0,0.0,170000.0,870000.0,0.141234,610000.0,0.099026,100000.0,700000.0,0.113636,270000.0,430000.0,0.069805,0.36752,0.36752,1170000.0,1170000.0,https://www.sec.gov/Archives/edgar/data/19871/000095013796001391/0000950137-96-001391-index.html,https://www.sec.gov/Archives/edgar/data/19871/0000950137-96-001391.txt
0,1996-03-31,CVR,1996-05-14 00:00:00,1996-05-14 00:00:00,Q1,5320000.0,3610000.0,1720000.0,0.323308,0.0,1180000.0,0.0,60000.0,1230000.0,4840000.0,0.0,160000.0,730000.0,0.137218,490000.0,0.092105,90000.0,570000.0,0.107143,220000.0,350000.0,0.065789,0.29915,0.29915,1170000.0,1170000.0,https://www.sec.gov/Archives/edgar/data/19871/000095013796000659/0000950137-96-000659-index.html,https://www.sec.gov/Archives/edgar/data/19871/0000950137-96-000659.txt
0,1995-12-31,CVR,,,Q4,5280000.0,2910000.0,2380000.0,0.450758,0.0,1770000.0,0.0,-270000.0,1500000.0,4410000.0,0.0,170000.00000000003,1130000.0,0.214015,870000.0,0.164773,90000.0,960000.0,0.181818,320000.0,640000.0,0.121212,0.54701,0.54701,1170000.0,1170000.0,,
0,1995-09-30,CVR,1995-11-13 00:00:00,1995-11-13 00:00:00,Q3,4990000.0,3390000.0,1600000.0,0.320641,0.0,1100000.0,0.0,50000.0,1140000.0,4530000.0,0.0,169999.99999999997,720000.0,0.144289,460000.0,0.092184,90000.0,550000.0,0.11022,210000.0,340000.0,0.068136,0.2906,0.2906,1170000.0,1170000.0,https://www.sec.gov/Archives/edgar/data/19871/000095012495003688/0000950124-95-003688-index.html,https://www.sec.gov/Archives/edgar/data/19871/0000950124-95-003688.txt
0,1995-06-30,CVR,1995-08-11 00:00:00,1995-08-11 00:00:00,Q2,6980000.0,4520000.0,2460000.0,0.352436,0.0,1260000.0,0.0,150000.0,1410000.0,5930000.0,0.0,160000.0,1280000.0,0.183381,1050000.0,0.15043,70000.0,1120000.0,0.160458,450000.0,670000.0,0.095989,0.57265,0.57265,1170000.0,1170000.0,https://www.sec.gov/Archives/edgar/data/19871/000095012495002456/0000950124-95-002456-index.html,https://www.sec.gov/Archives/edgar/data/19871/0000950124-95-002456.txt
