,date,symbol,fillingDate,acceptedDate,period,revenue,costOfRevenue,grossProfit,grossProfitRatio,researchAndDevelopmentExpenses,generalAndAdministrativeExpenses,sellingAndMarketingExpenses,otherExpenses,operatingExpenses,costAndExpenses,interestExpense,depreciationAndAmortization,ebitda,ebitdaratio,operatingIncome,operatingIncomeRatio,totalOtherIncomeExpensesNet,incomeBeforeTax,incomeBeforeTaxRatio,incomeTaxExpense,netIncome,netIncomeRatio,eps,epsdiluted,weightedAverageShsOut,weightedAverageShsOutDil,link,finalLink
0,2019-12-31,MCEP,2020-03-12 00:00:00,2020-03-12 16:31:51,FY,55501000,37356000,18145000,0.326931,0.0,8572000.0,0.0,3664000.0,13634999.999999998,50991000,5166000.0,10621000,15188000,0.273653,4510000.0,0.08126,-3000.0,-599000.0,-0.010793,0.0,-599000.0,-0.010793,-0.38942,-0.38942,1538200.0,1538200.0,https://www.sec.gov/Archives/edgar/data/1527709/000156459020010494/0001564590-20-010494-index.html,https://www.sec.gov/Archives/edgar/data/1527709/000156459020010494/mcep-10k_20191231.htm
0,2018-12-31,MCEP,2019-03-13 00:00:00,2019-03-13 16:16:48,FY,72788000,28020000,44768000,0.615046,612000.0,6311000.0,0.0,1666000.0,57009000,85029000,6010000.0,16751000,4508000.0,0.061933,-12241000,-0.168173,-15000.0,-18253000,-0.250769,0.0,-18253000,-0.250769,-12.03706,-12.03706,1516400.0,1516400.0,https://www.sec.gov/Archives/edgar/data/1527709/000156459019007570/0001564590-19-007570-index.html,https://www.sec.gov/Archives/edgar/data/1527709/000156459019007570/mcep-10k_20181231.htm
0,2017-12-31,MCEP,2018-02-28 00:00:00,2018-02-28 16:17:43,FY,56984000,24935000,32049000,0.562421,0.0,5719000.0,0.0,520000.0,52944000,77879000,6472000.0,17713000,-3148000.0,-0.055244,-20895000,-0.366682,60000.0,-27333000,-0.479661,0.0,-27333000,-0.479661,-18.22079,-18.22079,1500100.0,1500100.0,https://www.sec.gov/Archives/edgar/data/1527709/000156459018003806/0001564590-18-003806-index.html,https://www.sec.gov/Archives/edgar/data/1527709/000156459018003806/mcep-10k_20171231.htm
0,2016-12-31,MCEP,2017-02-28 00:00:00,2017-02-28 16:32:41,FY,43896000,25585000,18311000,0.417145,0.0,6890000.0,0.0,577000.0,35574000,61159000,7487000.0,23074000,5747000.0,0.130923,-17263000,-0.39327,-76000.0,-24814000,-0.565291,0.0,-24814000,-0.565291,-16.63471,-16.63471,1491700.0,1491700.0,https://www.sec.gov/Archives/edgar/data/1527709/000152770917000019/0001527709-17-000019-index.html,https://www.sec.gov/Archives/edgar/data/1527709/000152770917000019/mcep2016-12x3110k.htm
0,2015-12-31,MCEP,2016-02-29 00:00:00,2016-02-29 17:28:32,FY,96280000,37078000,59202000,0.614894,0.0,9411000.0,0.0,432000.0,147954999.99999997,185032999.99999997,7258000.0,34174000,-54063000,-0.561518,-88753000,-0.921822,0.0,-95495000,-0.991847,0.0,-95495000,-0.991847,-64.43222,-64.43222,1482100.0,1482100.0,https://www.sec.gov/Archives/edgar/data/1527709/000152770916000075/0001527709-16-000075-index.html,https://www.sec.gov/Archives/edgar/data/1527709/000152770916000075/mcep20151231-10k.htm
0,2014-12-31,MCEP,2015-03-03,2015-03-03 16:10:32,FY,126272000,32416000,93856000,0.743284,0.0,14313000,0.0,250000.0,66646000,99062000,4731000.0,21877000,49100000,0.388843,27210000,0.215487,0.0,22492000,0.178123,0.0,22492000,0.178123,0.99885,0.99885,22518000,22518000,https://www.sec.gov/Archives/edgar/data/1527709/000152770915000015/mcep-20141231x10k.htm,https://www.sec.gov/Archives/edgar/data/1527709/000152770915000015/mcep-20141231x10k.htm
0,2013-12-31,MCEP,2014-03-05,2014-03-05 16:06:50,FY,80100000,20200000,59900000,0.747815,0.0,12200000,0.0,200000.0,28400000.000000004,48600000,3282000.0,14420000,45902000,0.573059,31500000,0.393258,0.0,28200000,0.35206,0.0,28200000,0.35206,1.46875,1.46875,19200000,19200000,https://www.sec.gov/Archives/edgar/data/1527709/000152770914000018/mcep-20131231x10k.htm,https://www.sec.gov/Archives/edgar/data/1527709/000152770914000018/mcep-20131231x10k.htm
0,2012-12-31,MCEP,2013-03-06 00:00:00,2013-03-06 16:22:04,FY,67300000,12900000,54400000,0.808321,0.0,11000000,0.0,100000.0,22800000.000000004,35700000.00000001,1764000.0,10320000,41984000,0.623834,31600000,0.469539,0.0,29900000,0.444279,0.0,29900000,0.444279,1.66111,1.66111,18000000,18000000,https://www.sec.gov/Archives/edgar/data/1527709/000119312513093913/0001193125-13-093913-index.html,https://www.sec.gov/Archives/edgar/data/1527709/000119312513093913/d458676d10k.htm
