,date,symbol,fillingDate,acceptedDate,period,revenue,costOfRevenue,grossProfit,grossProfitRatio,researchAndDevelopmentExpenses,generalAndAdministrativeExpenses,sellingAndMarketingExpenses,otherExpenses,operatingExpenses,costAndExpenses,interestExpense,depreciationAndAmortization,ebitda,ebitdaratio,operatingIncome,operatingIncomeRatio,totalOtherIncomeExpensesNet,incomeBeforeTax,incomeBeforeTaxRatio,incomeTaxExpense,netIncome,netIncomeRatio,eps,epsdiluted,weightedAverageShsOut,weightedAverageShsOutDil,link,finalLink
0,2019-12-31,PSX,2020-02-21 00:00:00,2020-02-21 15:05:37,FY,107293000000,96870000000,10423000000,0.09714520052566337,0.0,1681000000,0.0,-23000000,4998000000,103958000000,458000000,1341000000,6823000000,0.06359221943649632,3335000000,0.03894009860848331,1258000000,4178000000,0.03894009860848331,801000000,3076000000,0.02866915828618829,6.8,6.77,451364000,453888000,https://www.sec.gov/Archives/edgar/data/1534701/000153470120000070/0001534701-20-000070-index.html,https://www.sec.gov/Archives/edgar/data/1534701/000153470120000070/psx-2019123110k.htm
0,2018-12-31,PSX,2019-02-22 00:00:00,2019-02-22 13:29:34,FY,111461000000,99286000000,12175000000,0.10923103148186361,0.0,1677000000,0.0,-23000000,4864000000,106252000000,504000000,1356000000,9263000000,0.08310530140587291,5209000000,0.06679466360431002,2695000000,7445000000,0.06679466360431002,1572000000,5595000000,0.05019692986784615,11.87,11.8,470708000,474047000,https://www.sec.gov/Archives/edgar/data/1534701/000153470119000063/0001534701-19-000063-index.html,https://www.sec.gov/Archives/edgar/data/1534701/000153470119000063/psx-20181231_10k.htm
0,2017-12-31,PSX,2018-02-23 00:00:00,2018-02-23 12:22:21,FY,102354000000,80727000000,21627000000,0.21129609004044786,0.0,1695000000,0.0,-22000000,4632000000,100516000000,438000000,1318000000,4897000000,0.04784375793813627,1838000000,0.03473239932000703,2124000000,3555000000,0.03473239932000703,-1693000000,5106000000,0.04988569083768099,9.9,9.85,515090000,518508000,https://www.sec.gov/Archives/edgar/data/1534701/000153470118000065/0001534701-18-000065-index.html,https://www.sec.gov/Archives/edgar/data/1534701/000153470118000065/psx-20171231_10k.htm
0,2016-12-31,PSX,2017-02-17 00:00:00,2017-02-17 12:47:19,FY,84279000000,63636000000,20643000000,0.24493646104011677,0.0,1638000000,0.0,-21000000,4219000000,83181000000,338000000,1168000000,3677000000,0.04362889925129629,1098000000,0.02599698620059564,1413000000,2191000000,0.02599698620059564,547000000,1555000000,0.018450622337711647,2.94,2.92,527531000,530066000,https://www.sec.gov/Archives/edgar/data/1534701/000153470117000051/0001534701-17-000051-index.html,https://www.sec.gov/Archives/edgar/data/1534701/000153470117000051/psx-20161231_10k.htm
0,2015-12-31,PSX,2016-02-19 00:00:00,2016-02-19 15:39:55,FY,98975000000,74477000000,24498000000,0.2475170497600404,0.0,1670000000,0.0,-21000000,4203000000,94427000000,310000000,1078000000,7205000000,0.07279616064662793,4548000000,0.06106592573882293,1779000000,6044000000,0.06106592573882293,1764000000,4227000000,0.042707754483455415,7.78,7.73,542355000,546977000,https://www.sec.gov/Archives/edgar/data/1534701/000153470116000119/0001534701-16-000119-index.html,https://www.sec.gov/Archives/edgar/data/1534701/000153470116000119/psx-20151231_10k.htm
0,2014-12-31,PSX,2015-02-20,2015-02-20 11:58:29,FY,161212000000,136743000000,24469000000,0.151781505098876,0.0,1663000000,0.0,-24000000,4336000000,157782000000,267000000,995000000,6888000000,0.042726347914547304,3430000000,0.035636304989703,2561000000,5745000000,0.035636304989703,1654000000,4762000000,0.029538744014093243,8.414885,8.4,565902000,571504000,https://www.sec.gov/Archives/edgar/data/1534701/000153470115000038/psx-20141231_10k.htm,https://www.sec.gov/Archives/edgar/data/1534701/000153470115000038/psx-20141231_10k.htm
0,2013-12-31,PSX,2014-02-21,2014-02-21 13:27:26,FY,171596000000,149192000000,22404000000,0.1305624839739854,0.0,1478000000,0.0,-24000000,4141000000,168930000000,275000000,947000000,6682000000,0.03894030163873284,2666000000,0.03220354786824868,3115000000,5526000000,0.03220354786824868,1844000000,3726000000,0.021713792862304484,6.07,6.02,612918000,618989000,https://www.sec.gov/Archives/edgar/data/1534701/000153470114000042/psx-20131231x10k.htm,https://www.sec.gov/Archives/edgar/data/1534701/000153470114000042/psx-20131231x10k.htm
0,2012-12-31,PSX,2013-02-22 00:00:00,2013-02-22 13:23:14,FY,179460000000,155396000000,24064000000,0.13409116237601695,0.0,1722000000,0.0,-25000000,3915000000,174774000000,246000000,913000000,8726000000,0.04862364872394963,4686000000,0.03694973810319849,2173000000,6631000000,0.03694973810319849,2500000000,4124000000,0.022980051264905828,6.55,6.48,628835000,636764000,https://www.sec.gov/Archives/edgar/data/1534701/000153470113000006/0001534701-13-000006-index.html,https://www.sec.gov/Archives/edgar/data/1534701/000153470113000006/psx_20121231-10k.htm
0,2011-12-31,PSX,,,FY,197771000000,176909000000,20862000000,0.10548563742914785,0.0,1409000000,0.0,0.0,21000000,193535000000,17000000,908000000,7987000000,0.04038509184865324,4236000000,0.0334932826349667,2405000000,6624000000,0.0334932826349667,1844000000,4775000000,0.024144085836649457,7.460938,7.460938,640000000,640000000,,
