,date,symbol,fillingDate,acceptedDate,period,revenue,costOfRevenue,grossProfit,grossProfitRatio,researchAndDevelopmentExpenses,generalAndAdministrativeExpenses,sellingAndMarketingExpenses,otherExpenses,operatingExpenses,costAndExpenses,interestExpense,depreciationAndAmortization,ebitda,ebitdaratio,operatingIncome,operatingIncomeRatio,totalOtherIncomeExpensesNet,incomeBeforeTax,incomeBeforeTaxRatio,incomeTaxExpense,netIncome,netIncomeRatio,eps,epsdiluted,weightedAverageShsOut,weightedAverageShsOutDil,link,finalLink
0,2019-12-31,VLO,2020-02-26 00:00:00,2020-02-26 14:08:29,FY,108324000000,103635000000,4689000000,0.043287,0.0,868000000,0.0,21000000,853000000,104488000000,454000000,2255000000,5833000000,0.053848,3836000000,0.035412,29000000,3486000000,0.032181,702000000,2422000000,0.022359,5.85024,5.85024,414000000,414000000,https://www.sec.gov/Archives/edgar/data/1035002/000103500220000007/0001035002-20-000007-index.html,https://www.sec.gov/Archives/edgar/data/1035002/000103500220000007/vloform10-kx12312019.htm
0,2018-12-31,VLO,2019-02-28 00:00:00,2019-02-28 16:06:55,FY,117033000000,111274000000,5759000000,0.049208,0.0,925000000,0.0,45000000,1187000000,112461000000,470000000,2069000000,6540000000,0.055882,4572000000,0.039066,130000000,4232000000,0.036161,879000000,3122000000,0.026676,7.29439,7.29439,428000000,428000000,https://www.sec.gov/Archives/edgar/data/1035002/000103500219000008/0001035002-19-000008-index.html,https://www.sec.gov/Archives/edgar/data/1035002/000103500219000008/vloform10-kx12312018.htm
0,2017-12-31,VLO,2018-02-28 00:00:00,2018-02-28 14:24:13,FY,93980000000,89197000000,4783000000,0.050894,0.0,829000000,0.0,61000000,1220000000,90417000000,468000000,1986000000,5570000000,0.059268,3563000000,0.037912,112000000,3207000000,0.034124,-949000000,4065000000,0.043254,9.15541,9.15541,444000000,444000000,https://www.sec.gov/Archives/edgar/data/1035002/000103500218000010/0001035002-18-000010-index.html,https://www.sec.gov/Archives/edgar/data/1035002/000103500218000010/vloform10-kx12312017.htm
0,2016-12-31,VLO,2017-02-23 00:00:00,2017-02-23 15:34:55,FY,75659000000,71226000000,4433000000,0.058592,0.0,709000000,0.0,0.0,899000000,72125000000,446000000,1894000000,5394000000,0.071294,3534000000,0.04671,94000000,3182000000,0.042057,765000000,2289000000,0.030254,4.93319,4.93319,464000000,464000000,https://www.sec.gov/Archives/edgar/data/1035002/000103500217000009/0001035002-17-000009-index.html,https://www.sec.gov/Archives/edgar/data/1035002/000103500217000009/vloform10-kx12312016.htm
0,2015-12-31,VLO,2016-02-25 00:00:00,2016-02-25 14:49:47,FY,87804000000,80265000000,7539000000,0.085862,0.0,710000000,0.0,0.0,1181000000,81446000000,433000000,1842000000,8135000000,0.09265,6358000000,0.072411,46000000,5971000000,0.068004,1870000000,3990000000,0.045442,7.98,7.98,500000000,500000000,https://www.sec.gov/Archives/edgar/data/1035002/000103500216000069/0001035002-16-000069-index.html,https://www.sec.gov/Archives/edgar/data/1035002/000103500216000069/vloform10-kx12312015.htm
0,2014-12-31,VLO,2015-02-26,2015-02-26 14:18:54,FY,130844000000,119061000000,11783000000,0.090054,0.0,724000000,0.0,4387000000,5881000000,124942000000,397000000,1690000000,7494000000,0.057274,5902000000,0.045107,47000000,5552000000,0.042432,1777000000,3630000000,0.027743,6.84906,6.84906,530000000,530000000,https://www.sec.gov/Archives/edgar/data/1035002/000103500215000009/vloform10-kx12312014.htm,https://www.sec.gov/Archives/edgar/data/1035002/000103500215000009/vloform10-kx12312014.htm
0,2013-12-31,VLO,2014-02-27,2014-02-27 15:12:04,FY,138074000000,128781000000,9293000000,0.067304,0.0,758000000,0.0,4317000000,5005000000,133786000000,365000000,1720000000,6059000000,0.043882,4288000000,0.031056,59000000,3982000000,0.02884,1254000000,2720000000,0.0197,4.9635,4.9635,548000000,548000000,https://www.sec.gov/Archives/edgar/data/1035002/000103500214000008/vloform10-kx12312013.htm,https://www.sec.gov/Archives/edgar/data/1035002/000103500214000008/vloform10-kx12312013.htm
0,2012-12-31,VLO,2013-02-28 00:00:00,2013-02-28 14:42:22,FY,139250000000,128914000000,10336000000,0.074226,0.0,698000000,0.0,4686000000,6326000000,135240000000,313000000,1574000000,5596000000,0.040187,4010000000,0.028797,9000000.0,3706000000,0.026614,1626000000,2083000000,0.014959,3.7464,3.7464,556000000,556000000,https://www.sec.gov/Archives/edgar/data/1035002/000103500213000008/0001035002-13-000008-index.html,https://www.sec.gov/Archives/edgar/data/1035002/000103500213000008/vlo12311210k.htm
0,2011-12-31,VLO,2012-02-24 00:00:00,2012-02-24 09:40:24,FY,125987000000,117253000000,8734000000,0.069325,0.0,571000000,0.0,4483000000,5054000000,122307000000,-401000000,1534000000,4449000000,0.035313,3680000000,0.029209,43000000,3322000000,0.026368,1226000000,2090000000,0.016589,3.67311,3.67311,569000000,569000000,https://www.sec.gov/Archives/edgar/data/1035002/000103500212000008/0001035002-12-000008-index.html,https://www.sec.gov/Archives/edgar/data/1035002/000103500212000008/vlo12311110k.htm
0,2010-12-31,VLO,2011-02-25,2011-02-25 10:32:13,FY,82233000000,75863000000,6370000000,0.077463,0.0,531000000,0.0,3961000000,4494000000,80357000000,574000000,1473000000,2946000000,0.035825,1876000000,0.022813,106000000,1498000000,0.018217,575000000,324000000,0.00394,0.57042,0.57042,568000000,568000000,https://www.sec.gov/Archives/edgar/data/1035002/000103500211000013/vlo12311010k.htm,https://www.sec.gov/Archives/edgar/data/1035002/000103500211000013/vlo12311010k.htm
0,2009-12-31,VLO,2010-02-26 00:00:00,2010-02-26 15:55:06,FY,68144000000,63387000000,4757000000,0.069808,0.0,572000000,702000000,4013000000,4815000000,68202000000,-408000000,1527000000,-960000000,-0.014088,-58000000,-0.000851,17000000,-449000000,-0.006589,-97000000,-1982000000,-0.029085,-3.66359,-3.66359,541000000,541000000,https://www.sec.gov/Archives/edgar/data/1035002/000095012310018097/0000950123-10-018097-index.html,https://www.sec.gov/Archives/edgar/data/1035002/000095012310018097/d70408e10vk.htm
0,2008-12-31,VLO,2009-02-27 00:00:00,2009-02-27 13:06:11,FY,119114000000,108905000000,10209000000,0.085708,0.0,559000000,768000000,5323000000,9632000000,118537000000,-340000000,1476000000,1472000000,0.012358,577000000,0.004844,99000000,336000000,0.002821,1467000000,-1131000000,-0.009495,-2.1584,-2.1584,524000000,524000000,https://www.sec.gov/Archives/edgar/data/1035002/000095013409003971/0000950134-09-003971-index.html,https://www.sec.gov/Archives/edgar/data/1035002/000095013409003971/d66469e10vk.htm
0,2007-12-31,VLO,2008-02-29,2008-02-29 10:30:03,FY,95327000000,83005000000,12322000000,0.12926,0.0,638000000,750000000,4766000000,5404000000,88409000000,-359000000,1376000000,8412000000,0.088244,6918000000,0.072571,167000000,6726000000,0.070557,2161000000,5234000000,0.054906,9.03972,9.03972,579000000,579000000,https://www.sec.gov/Archives/edgar/data/1035002/000095013408003802/d54294e10vk.htm,https://www.sec.gov/Archives/edgar/data/1035002/000095013408003802/d54294e10vk.htm
0,2006-12-31,VLO,2007-02-26,2007-02-26 10:19:22,FY,91833000000,78637000000,13196000000,0.143696,0.0,598000000,758000000,4588000000,5186000000,83823000000,-172000000,1155000000,8143000000,0.088672,8010000000,0.087224,351000000,8189000000,0.089173,1697000000,5463000000,0.059488,8.64399,8.64399,632000000,632000000,https://www.sec.gov/Archives/edgar/data/1035002/000119312507039165/d10k.htm,https://www.sec.gov/Archives/edgar/data/1035002/000119312507039165/d10k.htm
0,2005-12-31,VLO,2006-03-01,2006-03-01 17:14:06,FY,82162000000,72548000000,9614000000,0.117013,0.0,458000000,771000000,3697000000,4155000000,76703000000,-225000000,875000000,5937000000,0.07226,5459000000,0.066442,53000000,5287000000,0.064348,1697000000,3590000000,0.043694,6.10544,6.10544,588000000,588000000,https://www.sec.gov/Archives/edgar/data/1035002/000095013406004061/d32462e10vk.htm,https://www.sec.gov/Archives/edgar/data/1035002/000095013406004061/d32462e10vk.htm
0,2004-12-31,VLO,2005-03-14 00:00:00,2005-03-11 19:04:47,FY,54619000000,48416000000,6203000000,0.113569,0.0,379000000,704000000,2845000000,3223000000,51639000000,-221000000,618400000,3107400000,0.056892,2979000000,0.054541,-48000000,2710000000,0.049616,906000000,1804000000,0.033029,3.26812,3.26812,552000000,552000000,https://www.sec.gov/Archives/edgar/data/1035002/000095013405004779/0000950134-05-004779-index.html,https://www.sec.gov/Archives/edgar/data/1035002/000095013405004779/d23170e10vk.htm
0,2003-12-31,VLO,2004-03-12 00:00:00,2004-03-12 17:18:51,FY,37969000000,34098000000,3871000000,0.101952,0.0,299000000,0.0,2350000000,2649000000,36747000000,-234000000,510500000,1263500000,0.033277,1222000000,0.032184,-2000000.0,987000000,0.025995,365000000,622000000,0.016382,1.27459,1.27459,488000000,488000000,https://www.sec.gov/Archives/edgar/data/1035002/000095013404003420/0000950134-04-003420-index.html,https://www.sec.gov/Archives/edgar/data/1035002/000095013404003420/d13299e10vk.htm
0,2002-12-31,VLO,2003-03-21 00:00:00,2003-03-21 14:49:03,FY,26976000000,24244000000,2732000000,0.101275,0.0,282000000,0.0,1979000000,2261000000,26505000000,-300000000,449300000,299300000,0.011095,471000000,0.01746,-21000000,150000000,0.00556,58000000,92000000,0.00341,0.20909,0.20909,440000000,440000000,https://www.sec.gov/Archives/edgar/data/1035002/000111080503000007/0001110805-03-000007-index.html,https://www.sec.gov/Archives/edgar/data/1035002/000111080503000007/f10k123102.txt
0,2001-12-31,VLO,,,FY,14988000000,13822000000,1167000000,0.077862,0.0,165000000,0.0,0.0,165000000,13987000000,-89000000,252299999.99999997,1058300000,0.07061,1001000000,0.066787,-18000000,895000000,0.059714,331000000,564000000,0.03763,2.21176,2.21176,255000000,255000000,,
0,2000-12-31,VLO,,,FY,14671000000,13930000000,741000000,0.050508,0.0,131000000,0.0,0.0,130000000,14060000000,-76000000,173100000,625100000,0.042608,611000000,0.041647,-7000000.0,528000000,0.035989,189000000,339000000,0.023107,1.40083,1.40083,242000000,242000000,,
0,1999-12-31,VLO,,,FY,7961000000,7824000000,138000000,0.017335,0.0,68000000,0.0,0.0,68000000,7892000000,-55000000,139000000,104000000,0.013064,69000000,0.008667,6000000.0,20000000,0.002512,6000000.0,14000000,0.001759,0.06167,0.06167,227000000,227000000,,
0,1998-12-31,VLO,1999-02-26 00:00:00,1999-02-26 00:00:00,FY,5539000000,5521000000,18000000,0.00325,0.0,69000000,0.0,0.0,70000000,5591000000,-32000000,126600000,11600000,0.002094,-51000000,-0.009207,1000000.0,-83000000,-0.014985,-36000000,-47000000,-0.008485,-0.20982,-0.20982,224000000,224000000,https://www.sec.gov/Archives/edgar/data/1035002/000095013499001346/0000950134-99-001346-index.html,https://www.sec.gov/Archives/edgar/data/1035002/0000950134-99-001346.txt
0,1997-12-31,VLO,1998-03-02 00:00:00,1998-03-02 00:00:00,FY,5756000000,5492000000,265000000,0.046039,0.0,54000000,0.0,0.0,53000000,5545000000,-42000000,92500000,210500000,0.036571,211000000,0.036657,7000000.0,176000000,0.030577,64000000,96000000,0.016678,0.43439,0.43439,221000000,221000000,https://www.sec.gov/Archives/edgar/data/1035002/000103500298000002/0001035002-98-000002-index.html,https://www.sec.gov/Archives/edgar/data/1035002/0001035002-98-000002.txt
