,date,symbol,fillingDate,acceptedDate,period,revenue,costOfRevenue,grossProfit,grossProfitRatio,researchAndDevelopmentExpenses,generalAndAdministrativeExpenses,sellingAndMarketingExpenses,otherExpenses,operatingExpenses,costAndExpenses,interestExpense,depreciationAndAmortization,ebitda,ebitdaratio,operatingIncome,operatingIncomeRatio,totalOtherIncomeExpensesNet,incomeBeforeTax,incomeBeforeTaxRatio,incomeTaxExpense,netIncome,netIncomeRatio,eps,epsdiluted,weightedAverageShsOut,weightedAverageShsOutDil,link,finalLink
0,2019-12-31,TK,2020-04-09,Not found...,FY,1945391000,1186883000,758508000,0.3899,0.0,81444000,0.0,0.0,555866000,1742749000,279059000,290672000,284636000,0.146313,202642000,0.104165,-13075000,-123504000,-0.063485,25482000,-310577000,-0.159648,-3.08359,-3.08359,100719220,100719220,https://www.sec.gov/Archives/edgar/data/911971/000162828020004822/tkc201920-fdoc.htm,https://www.sec.gov/Archives/edgar/data/911971/000162828020004822/tkc201920-fdoc.htm
0,2018-12-31,TK,2019-04-01 00:00:00,2019-04-01 15:45:30,FY,1728488000,1133549000,594939000,0.344196,0.0,96555000,0.0,0.0,430620000.0000001,1564169000,254126000,276307000,470920000,0.272446,164319000,0.095065,-2013000.0,-38023000,-0.021998,19724000,-79237000,-0.045842,-0.79499,-0.79499,99670180,99670180,https://www.sec.gov/Archives/edgar/data/911971/000162828019003715/0001628280-19-003715-index.html,https://www.sec.gov/Archives/edgar/data/911971/000162828019003715/tkc201820-fdoc.htm
0,2017-12-31,TK,2018-04-30,Not found...,FY,1880332000,1005809000,874523000,0.46509,0.0,106150000,0.0,0.0,867823000.0000001,1873632000,268400000,485829000,603185000,0.320786,6700000.0,0.003563,-53981000,-516840000,-0.274866,12232000,-163276000,-0.086834,-1.89118,-1.89118,86335470,86335470,https://www.sec.gov/Archives/edgar/data/911971/000162828018005389/tkc201720-fdoc.htm,https://www.sec.gov/Archives/edgar/data/911971/000162828018005389/tkc201720-fdoc.htm
0,2016-12-31,TK,2017-04-12,Not found...,FY,2328569000,1113508000,1215061000,0.521806,0.0,119889000,0.0,0.0,830771000,1944279000,282966000,571825000,756077000,0.324696,384290000,0.165033,-39013000,111132000,0.047725,24468000,-123182000,-0.0529,-1.55511,-1.55511,79211150,79211150,https://www.sec.gov/Archives/edgar/data/911971/000162828017003553/tkc201620-fdoc.htm,https://www.sec.gov/Archives/edgar/data/911971/000162828017003553/tkc201620-fdoc.htm
0,2015-12-31,TK,2016-04-26,Not found...,FY,2450382000,1098374000,1352008000,0.551754,0.0,133184000,0.0,0.0,726876000,1825250000,242469000,509500000,817353000,0.333561,625132000,0.255116,1566000.0,388693000,0.158625,-16767000,82151000,0.033526,1.12243,1.12243,73190560,73190560,https://www.sec.gov/Archives/edgar/data/911971/000119312516556541/d127018d20f.htm,https://www.sec.gov/Archives/edgar/data/911971/000119312516556541/d127018d20f.htm
0,2014-12-31,TK,2015-04-29,Not found...,FY,1993920000,1004385000,989535000,0.496276,0.0,140917000,0.0,0.0,562376000,1566761000,208529000,422904000,586849000,0.294319,427159000,0.214231,-1152000.0,134175000,0.067292,10173000,-54757000,-0.027462,-0.75982,-0.75982,72066010,72066010,https://www.sec.gov/Archives/edgar/data/911971/000119312515157023/d848703d20f.htm,https://www.sec.gov/Archives/edgar/data/911971/000119312515157023/d848703d20f.htm
0,2013-12-31,TK,2014-04-28,Not found...,FY,1830100000,1022000000,808100000,0.441561,0.0,141000000,0.0,700000.0,745300000,1767300000,181396000,431100000,500696000,0.273589,62700000,0.03426,5600000.0,38400000,0.020982,2900000.0,-114700000,-0.062674,-1.62695,-1.62695,70500000,70500000,https://www.sec.gov/Archives/edgar/data/911971/000119312514163511/d684501d20f.htm,https://www.sec.gov/Archives/edgar/data/911971/000119312514163511/d684501d20f.htm
0,2012-12-31,TK,2013-04-29,Not found...,FY,1956200000,999100000,957100000,0.489265,0.0,203000000,0.0,1903661000,1107500000,2106600000,167615000,455900000,448915000,0.229483,-150400000,-0.076884,-2600000.0,-325500000,-0.166394,-14400000,-160200000,-0.081893,-2.31169,-2.31169,69300000,69300000,https://www.sec.gov/Archives/edgar/data/911971/000119312513181831/d458659d20f.htm,https://www.sec.gov/Archives/edgar/data/911971/000119312513181831/d458659d20f.htm
0,2011-12-31,TK,2012-04-25,Not found...,FY,1953800000,1068500000,885300000,0.453117,0.0,223600000,0.0,1632054000,787200000,1855700000,137604000,428600000,201604000,0.103186,98100000,0.05021,6100000.0,-382400000,-0.195721,4300000.0,-368900000,-0.188812,-5.25499,-5.25499,70200000,70200000,https://www.sec.gov/Archives/edgar/data/911971/000119312512182144/d247979d20f.htm,https://www.sec.gov/Archives/edgar/data/911971/000119312512182144/d247979d20f.htm
0,2010-12-31,TK,2011-04-14,Not found...,FY,2068900000,1134800000,934100000,0.451496,0.0,193700000,0.0,1641012000,700000000,1834800000,136107000,440700000,303207000,0.146555,234100000,0.113152,7500000.0,-173000000,-0.083619,-6300000.0,-267300000,-0.129199,-3.66667,-3.66667,72900000,72900000,https://www.sec.gov/Archives/edgar/data/911971/000095012311035397/c15356e20vf.htm,https://www.sec.gov/Archives/edgar/data/911971/000095012311035397/c15356e20vf.htm
0,2009-12-31,TK,2010-04-30,Not found...,FY,2172000000,1325500000,846500000,0.389733,0.0,212500000,0.0,389634000,676800000,2002300000,141448000,437200000,729948000,0.336072,169800000,0.078177,13000000,232700000,0.107136,22900000,128400000,0.059116,1.7565,1.7565,73100000,73100000,https://www.sec.gov/Archives/edgar/data/911971/000095012310040979/c99642e20vf.htm,https://www.sec.gov/Archives/edgar/data/911971/000095012310040979/c99642e20vf.htm
0,2008-12-31,TK,2009-06-30,Not found...,FY,3193700000,2024800000,1168800000,0.365971,0.0,244500000,0.0,2733411000,953100000.0000001,2977900000,994966000,418800000,888066000,0.278068,215700000,0.067539,-6700000.0,-525600000,-0.164574,-56200000,-469500000,-0.147008,-6.47586,-6.47586,72500000,72500000,https://www.sec.gov/Archives/edgar/data/911971/000095012309018781/c87304e20vf.htm,https://www.sec.gov/Archives/edgar/data/911971/000095012309018781/c87304e20vf.htm
0,2007-12-31,TK,2008-04-11,Not found...,FY,2395500000,1440900000,954600000,0.398497,0.0,231900000,0.0,226395000,544500000,1985400000,287558000,329100000,680158000,0.283932,410100000,0.171196,23700000,63500000,0.026508,0.0,63500000,0.026508,0.85007,0.85007,74700000,74700000,https://www.sec.gov/Archives/edgar/data/911971/000136231008001926/c72958e20vf.htm,https://www.sec.gov/Archives/edgar/data/911971/000136231008001926/c72958e20vf.htm
0,2006-12-31,TK,2007-04-19,Not found...,FY,2013300000,1182000000,831300000,0.412904,0.0,177900000,0.0,1413542000,409500000,1591500000,171643000,224000000,665743000,0.330673,421800000,0.209507,2100000.0,270600000,0.134406,7900000.0,262200000,0.130234,3.49134,3.49134,75100000,75100000,https://www.sec.gov/Archives/edgar/data/911971/000091197107000015/form20f.htm,https://www.sec.gov/Archives/edgar/data/911971/000091197107000015/form20f.htm
0,2005-12-31,TK,,,FY,1954600000,1093900000,860700000,0.440346,0.0,159700000,0.0,0.0,228899999.99999985,1322799999.9999998,-87300000,205500000,686800000,0.351376,631800000,0.323237,24100000,568600000,0.290904,-2300000.0,570900000,0.29208,6.83713,6.83713,83500000,83500000,,
0,2004-12-31,TK,,,FY,2219200000,1108100000,1111200000,0.500721,0.0,130700000,0.0,0.0,290000000,1398100000,3900000.0,237500000,1033800000,0.465844,821200000,0.370043,-32600000,792500000,0.357111,35000000,757400000,0.341294,8.63626,8.63626,87700000,87700000,,
0,2003-12-31,TK,,,FY,1576100000,910000000,666100000,0.422625,0.0,85100000,0.0,0.0,371099999.9999999,1281100000,-76600000,191200000,328500000,0.208426,295000000,0.187171,-4600000.0,213900000,0.135715,36500000,177400000,0.112556,2.17669,2.17669,81500000,81500000,,
0,2002-12-31,TK,,,FY,783300000,457400000,325900000,0.41606,0.0,57200000,0.0,0.0,206600000.00000003,664000000,-51100000,149300000,163000000,0.208094,119300000,0.152304,-3500000.0,64800000,0.082727,11400000,53400000,0.068173,0.66335,0.66335,80500000,80500000,,
0,2001-12-31,TK,,,FY,1039100000,470400000,568600000,0.547204,0.0,48900000,0.0,0.0,185200000.00000006,655600000,-39000000,136300000,440800000,0.424213,383500000,0.369069,-1000000.0,343500000,0.330575,7000000.0,336500000,0.323838,4.15432,4.15432,81000000,81000000,,
0,2000-12-31,TK,,,FY,893200000,427900000,465300000,0.520936,0.0,37500000,0.0,0.0,137700000.00000006,565600000,-52000000,100200000,319200000,0.357367,327700000,0.366883,-3700000.0,271000000,0.303403,1000000.0,270000000,0.302284,3.43075,3.43075,78700000,78700000,,
0,1999-12-31,TK,,,FY,377900000,259000000,118900000,0.314634,0.0,27000000,0.0,0.0,95300000.00000001,354300000,-38400000,68300000,11800000,0.031225,23600000,0.06245,-3200000.0,-18100000,-0.047896,1500000.0,-19600000,-0.051866,-0.26923,-0.26923,72800000,72800000,,
0,1999-03-31,TK,,,FY,411900000,207600000,204300000,0.495994,0.0,25000000,0.0,0.0,118700000.00000001,326300000,-38400000,93700000,100700000,0.244477,85600000,0.207817,-1600000.0,52700000,0.127944,0.0,45400000,0.110221,0.73108,0.73108,62100000,62100000,,
0,1998-03-31,TK,,,FY,406000000,181900000,224100000,0.55197,0.0,21500000,0.0,0.0,119999999.99999997,301899999.99999994,-48300000,94900000,117100000,0.288424,104200000,0.25665,300000.0,70500000,0.173645,0.0,70500000,0.173645,1.22184,1.22184,57700000,57700000,,
0,1997-03-31,TK,,,FY,382200000,178100000,204200000,0.534275,0.0,19200000,0.0,0.0,109900000,288000000,-52000000,90700000,81300000,0.212716,94300000,0.246729,400000.0,42600000,0.11146,0.0,42600000,0.11146,0.75132,0.75132,56700000,56700000,,
0,1996-03-31,TK,,,FY,336300000,160900000,175400000,0.521558,0.0,16800000,0.0,0.0,100400000,261300000,-54700000,83600000,58000000,0.172465,75000000,0.223015,-100000.0,29100000,0.08653,0.0,29100000,0.08653,0.58434,0.58434,49800000,49800000,,
