,date,symbol,fillingDate,acceptedDate,period,revenue,costOfRevenue,grossProfit,grossProfitRatio,researchAndDevelopmentExpenses,generalAndAdministrativeExpenses,sellingAndMarketingExpenses,otherExpenses,operatingExpenses,costAndExpenses,interestExpense,depreciationAndAmortization,ebitda,ebitdaratio,operatingIncome,operatingIncomeRatio,totalOtherIncomeExpensesNet,incomeBeforeTax,incomeBeforeTaxRatio,incomeTaxExpense,netIncome,netIncomeRatio,eps,epsdiluted,weightedAverageShsOut,weightedAverageShsOutDil,link,finalLink
0,2019-12-31,FRU.TO,2019-12-31,2019-12-31,FY,141487000,95562000,45925000,0.3245881247040364,0.0,15214000,0.0,0.0,4156000.0,114932000,4038000.0,0.0,121467000,0.8585029013266237,26555000,0.05980054704672514,-14056000,8461000.0,0.05980054704672514,3268000.0,5193000.0,0.03670301865189028,0.04,0.04,118486297,118713229,https://www.sedar.com/ModifyCompanyDocumentSearchForm.do?lang=EN&company_search=Freehold Royalties Ltd&document_selection=0&industry_group=A&FromDate=13&FromMonth=05&FromYear=2000&ToDate=13&ToMonth=11&ToYear=2020&Variable=Issuer,https://www.sedar.com/ModifyCompanyDocumentSearchForm.do?lang=EN&company_search=Freehold Royalties Ltd&document_selection=0&industry_group=A&FromDate=13&FromMonth=05&FromYear=2000&ToDate=13&ToMonth=11&ToYear=2020&Variable=Issuer
0,2018-12-31,FRU.TO,2018-12-31,2018-12-31,FY,145236000,102736000,42500000,0.29262717232642044,0.0,13410000,0.0,0.0,6210000.0,122356000,3705000.0,0.0,124922000,0.8601310969732022,22880000,0.1320264948084497,0.0,19175000,0.1320264948084497,5143000.0,14032000,0.09661516428433721,0.12,0.118492,118266297,118421937,https://www.sedar.com/ModifyCompanyDocumentSearchForm.do?lang=EN&company_search=Freehold Royalties Ltd&document_selection=0&industry_group=A&FromDate=13&FromMonth=05&FromYear=2000&ToDate=13&ToMonth=11&ToYear=2020&Variable=Issuer,https://www.sedar.com/ModifyCompanyDocumentSearchForm.do?lang=EN&company_search=Freehold Royalties Ltd&document_selection=0&industry_group=A&FromDate=13&FromMonth=05&FromYear=2000&ToDate=13&ToMonth=11&ToYear=2020&Variable=Issuer
0,2017-12-31,FRU.TO,2017-12-31,2017-12-31,FY,151894000,109401000,42493000,0.279754302342423,0.0,15649000,0.0,0.0,11465000,136515000,2604000.0,0.0,123606000,0.8137648623382095,15379000,0.11213082807747508,4257000.0,17032000,0.11213082807747508,4814000.0,12218000,0.08043767364082847,0.1,0.1,118044473,118162099,https://www.sedar.com/ModifyCompanyDocumentSearchForm.do?lang=EN&company_search=Freehold Royalties Ltd&document_selection=0&industry_group=A&FromDate=13&FromMonth=05&FromYear=2000&ToDate=13&ToMonth=11&ToYear=2020&Variable=Issuer,https://www.sedar.com/ModifyCompanyDocumentSearchForm.do?lang=EN&company_search=Freehold Royalties Ltd&document_selection=0&industry_group=A&FromDate=13&FromMonth=05&FromYear=2000&ToDate=13&ToMonth=11&ToYear=2020&Variable=Issuer
0,2016-12-31,FRU.TO,2016-12-31,2016-12-31,FY,129968000,105476000,24492000,0.18844638680290532,0.0,14935000,0.0,-1066000.0,18173000,138584000,4578000.0,0.0,94477000,0.7269250892527391,-8616000.0,-0.10971931552382125,-1066000.0,-14260000,-0.10971931552382125,-3097000.0,-11163000,-0.08589037301489598,-0.1,-0.1,110391160,110391160,https://www.sedar.com/ModifyCompanyDocumentSearchForm.do?lang=EN&company_search=Freehold Royalties Ltd&document_selection=0&industry_group=A&FromDate=13&FromMonth=05&FromYear=2000&ToDate=13&ToMonth=11&ToYear=2020&Variable=Issuer,https://www.sedar.com/ModifyCompanyDocumentSearchForm.do?lang=EN&company_search=Freehold Royalties Ltd&document_selection=0&industry_group=A&FromDate=13&FromMonth=05&FromYear=2000&ToDate=13&ToMonth=11&ToYear=2020&Variable=Issuer
0,2015-12-31,FRU.TO,2015-12-31,2015-12-31,FY,135664000,98000000,37664000,0.2776270786649369,0.0,15102000,0.0,756000.0,18781000,131883000,5696000.0,0.0,100240000,0.7388843023941503,3781000.0,-0.1151300271258403,-13704000,-15619000,-0.1151300271258403,-11539000,-4080000.0,-0.030074301214765894,-0.05,-0.05,90504786,90504786,https://www.sedar.com/ModifyCompanyDocumentSearchForm.do?lang=EN&company_search=Freehold Royalties Ltd&document_selection=0&industry_group=A&FromDate=13&FromMonth=05&FromYear=2000&ToDate=13&ToMonth=11&ToYear=2020&Variable=Issuer,https://www.sedar.com/ModifyCompanyDocumentSearchForm.do?lang=EN&company_search=Freehold Royalties Ltd&document_selection=0&industry_group=A&FromDate=13&FromMonth=05&FromYear=2000&ToDate=13&ToMonth=11&ToYear=2020&Variable=Issuer
0,2014-12-31,FRU.TO,2014-12-31,2014-12-31,FY,199850000,72811000,127039000,0.6356717538153616,0.0,13860000,0.0,0.0,19490000,106161000,4405000.0,0.0,160834000,0.8047735801851389,93689000,0.4467550662997248,0.0,89284000,0.4467550662997248,22837000,66447000,0.33248436327245434,0.94,0.94,71029156,71170896,https://www.sedar.com/ModifyCompanyDocumentSearchForm.do?lang=EN&company_search=Freehold Royalties Ltd&document_selection=0&industry_group=A&FromDate=13&FromMonth=05&FromYear=2000&ToDate=13&ToMonth=11&ToYear=2020&Variable=Issuer,https://www.sedar.com/ModifyCompanyDocumentSearchForm.do?lang=EN&company_search=Freehold Royalties Ltd&document_selection=0&industry_group=A&FromDate=13&FromMonth=05&FromYear=2000&ToDate=13&ToMonth=11&ToYear=2020&Variable=Issuer
0,2013-12-31,FRU.TO,2013-12-31,2013-12-31,FY,181578000,67698000,113880000,0.6271684895747283,0.0,13660000,0.0,0.0,19808000,101166000,2554000.0,61320000,141732000,0.7805571159501702,80412000,0.42878542554714777,0.0,77858000,0.42878542554714777,20006000,57852000,0.31860687968806795,0.86,0.86,66899776,67021372,https://www.sedar.com/ModifyCompanyDocumentSearchForm.do?lang=EN&company_search=Freehold Royalties Ltd&document_selection=0&industry_group=A&FromDate=13&FromMonth=05&FromYear=2000&ToDate=13&ToMonth=11&ToYear=2020&Variable=Issuer,https://www.sedar.com/ModifyCompanyDocumentSearchForm.do?lang=EN&company_search=Freehold Royalties Ltd&document_selection=0&industry_group=A&FromDate=13&FromMonth=05&FromYear=2000&ToDate=13&ToMonth=11&ToYear=2020&Variable=Issuer
0,2012-12-31,FRU.TO,2012-12-31,2012-12-31,FY,168134000,71050000,97084000,0.5774203908787039,0.0,13925000,0.0,0.0,15979000,100954000,2235000.0,0.0,131756000,0.7836368610750949,67180000,0.38626928521298487,0.0,64945000,0.38626928521298487,18617000,46328000,0.27554212711289805,0.71,0.71,64880038,64979074,https://www.sedar.com/ModifyCompanyDocumentSearchForm.do?lang=EN&company_search=Freehold Royalties Ltd&document_selection=0&industry_group=A&FromDate=13&FromMonth=05&FromYear=2000&ToDate=13&ToMonth=11&ToYear=2020&Variable=Issuer,https://www.sedar.com/ModifyCompanyDocumentSearchForm.do?lang=EN&company_search=Freehold Royalties Ltd&document_selection=0&industry_group=A&FromDate=13&FromMonth=05&FromYear=2000&ToDate=13&ToMonth=11&ToYear=2020&Variable=Issuer
0,2011-12-31,FRU.TO,2011-12-31,2011-12-31,FY,157910000,16979000,140931000,0.8924767272496992,0.0,12620000,0.0,0.0,344000.0,79194000,2907000.0,0.0,127967000,0.8103793299981001,78716000,0.4800772591982775,0.0,75809000,0.4800772591982775,20550000,55259000,0.34993983914888227,0.92,0.92,60021736,60093840,https://www.sedar.com/ModifyCompanyDocumentSearchForm.do?lang=EN&company_search=Freehold Royalties Ltd&document_selection=0&industry_group=A&FromDate=13&FromMonth=05&FromYear=2000&ToDate=13&ToMonth=11&ToYear=2020&Variable=Issuer,https://www.sedar.com/ModifyCompanyDocumentSearchForm.do?lang=EN&company_search=Freehold Royalties Ltd&document_selection=0&industry_group=A&FromDate=13&FromMonth=05&FromYear=2000&ToDate=13&ToMonth=11&ToYear=2020&Variable=Issuer
0,2010-12-31,FRU.TO,2010-12-31,2010-12-31,FY,138155000,15661000,122494000,0.8866418153523217,0.0,14729000,0.0,0.0,427000.0,98212000,3601000.0,0.0,107338000,0.7769389453874271,39943000,0.24966161195758388,-1850000.0,34492000,0.24966161195758388,-1781000.0,36273000,0.2625529296804314,0.62,0.62,58334117,58389088,https://www.sedar.com/ModifyCompanyDocumentSearchForm.do?lang=EN&company_search=Freehold Royalties Ltd&document_selection=0&industry_group=A&FromDate=13&FromMonth=05&FromYear=2000&ToDate=13&ToMonth=11&ToYear=2020&Variable=Issuer,https://www.sedar.com/ModifyCompanyDocumentSearchForm.do?lang=EN&company_search=Freehold Royalties Ltd&document_selection=0&industry_group=A&FromDate=13&FromMonth=05&FromYear=2000&ToDate=13&ToMonth=11&ToYear=2020&Variable=Issuer
0,2009-12-31,FRU.TO,2009-12-31,2009-12-31,FY,119965000,14388000,105577000,0.8800650189638645,0.0,12970000,0.0,2122000.0,333000.0,90751000,4678000.0,0.0,94396000,0.7868628349935398,29214000,0.22221481265369067,2122000.0,26658000,0.22221481265369067,-5083000.0,31741000,0.2645855041053641,0.63,0.63,49999617,50053435,https://www.sedar.com/ModifyCompanyDocumentSearchForm.do?lang=EN&company_search=Freehold Royalties Ltd&document_selection=0&industry_group=A&FromDate=13&FromMonth=05&FromYear=2000&ToDate=13&ToMonth=11&ToYear=2020&Variable=Issuer,https://www.sedar.com/ModifyCompanyDocumentSearchForm.do?lang=EN&company_search=Freehold Royalties Ltd&document_selection=0&industry_group=A&FromDate=13&FromMonth=05&FromYear=2000&ToDate=13&ToMonth=11&ToYear=2020&Variable=Issuer
0,2008-12-31,FRU.TO,2008-12-31,2008-12-31,FY,204116000,17915000,186201000,0.9122312802524055,0.0,9369000.0,0.0,0.0,0.0,95232000,0.0,67948000,176832000,0.8663309098747771,108884000,0.49707519253757665,-384000.0,101461000,0.49707519253757665,-8495000.0,109956000,0.5386936839836172,2.23,2.23,49370878,49412670,https://www.sedar.com/ModifyCompanyDocumentSearchForm.do?lang=EN&company_search=Freehold Royalties Ltd&document_selection=0&industry_group=A&FromDate=13&FromMonth=05&FromYear=2000&ToDate=13&ToMonth=11&ToYear=2020&Variable=Issuer,https://www.sedar.com/ModifyCompanyDocumentSearchForm.do?lang=EN&company_search=Freehold Royalties Ltd&document_selection=0&industry_group=A&FromDate=13&FromMonth=05&FromYear=2000&ToDate=13&ToMonth=11&ToYear=2020&Variable=Issuer
0,2007-12-31,FRU.TO,2007-12-31,2007-12-31,FY,152184000,17339000,134845000,0.8860655522262524,0.0,8615000.0,0.0,0.0,0.0,98354000,0.0,72400000,126230000,0.8294564474583399,53830000,0.30593886348104926,-266000.0,46559000,0.30593886348104926,47751000,-1192000.0,-0.00783262366608842,-0.02,-0.02,49228411,49228411,https://www.sedar.com/ModifyCompanyDocumentSearchForm.do?lang=EN&company_search=Freehold Royalties Ltd&document_selection=0&industry_group=A&FromDate=13&FromMonth=05&FromYear=2000&ToDate=13&ToMonth=11&ToYear=2020&Variable=Issuer,https://www.sedar.com/ModifyCompanyDocumentSearchForm.do?lang=EN&company_search=Freehold Royalties Ltd&document_selection=0&industry_group=A&FromDate=13&FromMonth=05&FromYear=2000&ToDate=13&ToMonth=11&ToYear=2020&Variable=Issuer
0,2006-12-31,FRU.TO,2006-12-31,2006-12-31,FY,143067000,12140000,130927000,0.9151446525054695,0.0,8230000.0,0.0,0.0,0.0,92244000,5194000.0,71874000,122697000,0.8576191574576947,50823000,0.3171381240957034,-257000.0,45372000,0.3171381240957034,191000.0,45181000,0.3158030852677417,0.92,0.92,49085795,49093609,https://www.sedar.com/ModifyCompanyDocumentSearchForm.do?lang=EN&company_search=Freehold Royalties Ltd&document_selection=0&industry_group=A&FromDate=13&FromMonth=05&FromYear=2000&ToDate=13&ToMonth=11&ToYear=2020&Variable=Issuer,https://www.sedar.com/ModifyCompanyDocumentSearchForm.do?lang=EN&company_search=Freehold Royalties Ltd&document_selection=0&industry_group=A&FromDate=13&FromMonth=05&FromYear=2000&ToDate=13&ToMonth=11&ToYear=2020&Variable=Issuer
0,2005-12-31,FRU.TO,2005-12-31,2005-12-31,FY,136914000,6530000.0,130384000,0.9523058270154988,0.0,6570000.0,0.0,0.0,0.0,70038000,3158000.0,56938000,123814000,0.9043194998320113,66876000,0.4373183166075054,-3843000.0,59875000,0.4373183166075054,1529000.0,58346000,0.426150722351257,1.36,1.36,42812470,42812470,https://www.sedar.com/ModifyCompanyDocumentSearchForm.do?lang=EN&company_search=Freehold Royalties Ltd&document_selection=0&industry_group=A&FromDate=13&FromMonth=05&FromYear=2000&ToDate=13&ToMonth=11&ToYear=2020&Variable=Issuer,https://www.sedar.com/ModifyCompanyDocumentSearchForm.do?lang=EN&company_search=Freehold Royalties Ltd&document_selection=0&industry_group=A&FromDate=13&FromMonth=05&FromYear=2000&ToDate=13&ToMonth=11&ToYear=2020&Variable=Issuer
0,2004-12-31,FRU.TO,2004-12-31,2004-12-31,FY,78491000,5860000.0,72631000,0.9253417589277751,0.0,5162000.0,0.0,0.0,0.0,36683000,0.0,25661000,67669000,0.8621243199857308,41808000,0.4866290402721331,-2977000.0,38196000,0.4866290402721331,1304000.0,36892000,0.4700156705864367,1.17,1.17,31531624,31531624,https://www.sedar.com/ModifyCompanyDocumentSearchForm.do?lang=EN&company_search=Freehold Royalties Ltd&document_selection=0&industry_group=A&FromDate=13&FromMonth=05&FromYear=2000&ToDate=13&ToMonth=11&ToYear=2020&Variable=Issuer,https://www.sedar.com/ModifyCompanyDocumentSearchForm.do?lang=EN&company_search=Freehold Royalties Ltd&document_selection=0&industry_group=A&FromDate=13&FromMonth=05&FromYear=2000&ToDate=13&ToMonth=11&ToYear=2020&Variable=Issuer
0,2003-12-31,FRU.TO,2003-12-31,2003-12-31,FY,73166000,5190000.0,67976000,0.9290654128967006,0.0,4556000.0,0.0,0.0,0.0,31417000,778000.0,21671000,63420000,0.8667960528114151,41749000,0.5162780526474046,-3197000.0,37774000,0.5162780526474046,748000.0,37026000,0.5060547248722084,1.19,1.19,31114286,31114286,https://www.sedar.com/ModifyCompanyDocumentSearchForm.do?lang=EN&company_search=Freehold Royalties Ltd&document_selection=0&industry_group=A&FromDate=13&FromMonth=05&FromYear=2000&ToDate=13&ToMonth=11&ToYear=2020&Variable=Issuer,https://www.sedar.com/ModifyCompanyDocumentSearchForm.do?lang=EN&company_search=Freehold Royalties Ltd&document_selection=0&industry_group=A&FromDate=13&FromMonth=05&FromYear=2000&ToDate=13&ToMonth=11&ToYear=2020&Variable=Issuer
0,2002-12-31,FRU.TO,2002-12-31,2002-12-31,FY,60434000,4679000.0,55755000,0.9225766952377801,0.0,2823000.0,0.0,0.0,265000.0,28850000,0.0,21083000,52667000,0.8714796306714763,31584000,0.4832875533640004,-1317000.0,29207000,0.4832875533640004,1650000.0,27557000,0.4559850415329119,0.91,0.91,30282418,30282418,https://www.sedar.com/ModifyCompanyDocumentSearchForm.do?lang=EN&company_search=Freehold Royalties Ltd&document_selection=0&industry_group=A&FromDate=13&FromMonth=05&FromYear=2000&ToDate=13&ToMonth=11&ToYear=2020&Variable=Issuer,https://www.sedar.com/ModifyCompanyDocumentSearchForm.do?lang=EN&company_search=Freehold Royalties Ltd&document_selection=0&industry_group=A&FromDate=13&FromMonth=05&FromYear=2000&ToDate=13&ToMonth=11&ToYear=2020&Variable=Issuer
0,2001-12-31,FRU.TO,2001-12-31,2001-12-31,FY,58403000,4415000.0,53988000,0.9244045682584798,0.0,2244000.0,0.0,0.0,101000.0,28162000,0.0,21402000,51643000,0.8842525212745921,30241000,0.0,-1128000.0,0.0,0.0,0.0,27299000,0.46742461859835965,0.95,0.95,28735789,30084236,https://www.sedar.com/ModifyCompanyDocumentSearchForm.do?lang=EN&company_search=Freehold Royalties Ltd&document_selection=0&industry_group=A&FromDate=13&FromMonth=05&FromYear=2000&ToDate=13&ToMonth=11&ToYear=2020&Variable=Issuer,https://www.sedar.com/ModifyCompanyDocumentSearchForm.do?lang=EN&company_search=Freehold Royalties Ltd&document_selection=0&industry_group=A&FromDate=13&FromMonth=05&FromYear=2000&ToDate=13&ToMonth=11&ToYear=2020&Variable=Issuer
0,2000-12-31,FRU.TO,2000-12-31,2000-12-31,FY,61194000,4080000.0,57114000,0.9333267967447789,0.0,3091000.0,0.0,0.0,374000.0,26802000,2700000.0,19257000,53649000,0.8767035983919992,34392000,0.0,0.0,0.0,0.0,0.0,31692000,0.5178939111677615,1.19,1.19,26631933,26708000,https://www.sedar.com/ModifyCompanyDocumentSearchForm.do?lang=EN&company_search=Freehold Royalties Ltd&document_selection=0&industry_group=A&FromDate=13&FromMonth=05&FromYear=2000&ToDate=13&ToMonth=11&ToYear=2020&Variable=Issuer,https://www.sedar.com/ModifyCompanyDocumentSearchForm.do?lang=EN&company_search=Freehold Royalties Ltd&document_selection=0&industry_group=A&FromDate=13&FromMonth=05&FromYear=2000&ToDate=13&ToMonth=11&ToYear=2020&Variable=Issuer
0,1999-12-31,FRU.TO,1999-12-31,1999-12-31,FY,35270000,3555000.0,31715000,0.8992061241848597,0.0,2523000.0,0.0,0.0,73000.0,24077000,0.0,17926000,29119000,0.8256024950382762,11193000,0.0,0.0,0.0,0.0,0.0,8783000.0,0.24902183158491636,0.33,0.33,26615152,26615152,https://www.sedar.com/ModifyCompanyDocumentSearchForm.do?lang=EN&company_search=Freehold Royalties Ltd&document_selection=0&industry_group=A&FromDate=13&FromMonth=05&FromYear=2000&ToDate=13&ToMonth=11&ToYear=2020&Variable=Issuer,https://www.sedar.com/ModifyCompanyDocumentSearchForm.do?lang=EN&company_search=Freehold Royalties Ltd&document_selection=0&industry_group=A&FromDate=13&FromMonth=05&FromYear=2000&ToDate=13&ToMonth=11&ToYear=2020&Variable=Issuer
0,1998-12-31,FRU.TO,1998-12-31,1998-12-31,FY,23723000,3655000.0,20068000,0.845930110019812,0.0,3012000.0,0.0,0.0,98000.0,30435000,0.0,23670000,16958000,0.7148337056864646,-6712000.0,0.0,0.0,0.0,0.0,0.0,-9190000.0,-0.38738776714580786,-0.35,-0.35,26257143,26548000,https://www.sedar.com/ModifyCompanyDocumentSearchForm.do?lang=EN&company_search=Freehold Royalties Ltd&document_selection=0&industry_group=A&FromDate=13&FromMonth=05&FromYear=2000&ToDate=13&ToMonth=11&ToYear=2020&Variable=Issuer,https://www.sedar.com/ModifyCompanyDocumentSearchForm.do?lang=EN&company_search=Freehold Royalties Ltd&document_selection=0&industry_group=A&FromDate=13&FromMonth=05&FromYear=2000&ToDate=13&ToMonth=11&ToYear=2020&Variable=Issuer
0,1997-12-31,FRU.TO,1997-12-31,1997-12-31,FY,38235000,3617000.0,34618000,0.9054008107754675,0.0,3334000.0,0.0,0.0,41000.0,33655000,0.0,26663000,31243000,0.8171309010069309,4580000.0,0.0,0.0,0.0,0.0,0.0,3085000.0,0.08068523604027723,0.12,0.12,25708333,26468000,https://www.sedar.com/ModifyCompanyDocumentSearchForm.do?lang=EN&company_search=Freehold Royalties Ltd&document_selection=0&industry_group=A&FromDate=13&FromMonth=05&FromYear=2000&ToDate=13&ToMonth=11&ToYear=2020&Variable=Issuer,https://www.sedar.com/ModifyCompanyDocumentSearchForm.do?lang=EN&company_search=Freehold Royalties Ltd&document_selection=0&industry_group=A&FromDate=13&FromMonth=05&FromYear=2000&ToDate=13&ToMonth=11&ToYear=2020&Variable=Issuer
0,1996-12-31,FRU.TO,1996-12-31,1996-12-31,FY,3983007.0,172514.0,3810493.0,0.9566874976619424,0.0,301105.0,0.0,0.0,0.0,2872129.0,0.0,2398510.0,3509388.0,0.8810900909790016,1110878.0,0.0,0.0,0.0,0.0,0.0,1056907.0,0.2653540403017117,0.04,0.04,26422675,26422675,https://www.sedar.com/ModifyCompanyDocumentSearchForm.do?lang=EN&company_search=Freehold Royalties Ltd&document_selection=0&industry_group=A&FromDate=13&FromMonth=05&FromYear=2000&ToDate=13&ToMonth=11&ToYear=2020&Variable=Issuer,https://www.sedar.com/ModifyCompanyDocumentSearchForm.do?lang=EN&company_search=Freehold Royalties Ltd&document_selection=0&industry_group=A&FromDate=13&FromMonth=05&FromYear=2000&ToDate=13&ToMonth=11&ToYear=2020&Variable=Issuer
