,date,symbol,fillingDate,acceptedDate,period,revenue,costOfRevenue,grossProfit,grossProfitRatio,researchAndDevelopmentExpenses,generalAndAdministrativeExpenses,sellingAndMarketingExpenses,otherExpenses,operatingExpenses,costAndExpenses,interestExpense,depreciationAndAmortization,ebitda,ebitdaratio,operatingIncome,operatingIncomeRatio,totalOtherIncomeExpensesNet,incomeBeforeTax,incomeBeforeTaxRatio,incomeTaxExpense,netIncome,netIncomeRatio,eps,epsdiluted,weightedAverageShsOut,weightedAverageShsOutDil,link,finalLink
0,2019-12-31,AMPY,2020-03-05 00:00:00,2020-03-05 16:08:07,FY,275575000,123918000,151657000,0.550329,51000.0,75126000,0.0,6357000.0,164685000,288603000,-16855000,55843000,3741000.0,0.013575,-13028000,-0.047276,-1117000.0,-35247000,-0.127903,-50000.0,-35197000,-0.127722,-1.20122,-1.20122,29301000,29301000,https://www.sec.gov/Archives/edgar/data/1533924/000156459020008959/0001564590-20-008959-index.html,https://www.sec.gov/Archives/edgar/data/1533924/000156459020008959/ampy-10k_20191231.htm
0,2018-12-31,AMPY,2019-03-14 00:00:00,2019-03-14 16:12:52,FY,208637000,54229000,154408000,0.74008,0.0,24781000,0.0,846000.0,100157000,154386000,4500000.0,62000000,116284000,0.557351,54251000,0.260026,0.0,49784000,0.238615,0.0,49784000,0.238615,1.96487,1.96487,25337000,25337000,https://www.sec.gov/Archives/edgar/data/1533924/000110465919014838/0001104659-19-014838-index.html,https://www.sec.gov/Archives/edgar/data/1533924/000110465919014838/a19-30084_110k.htm
0,2017-12-31,AMPY,2018-03-14 00:00:00,2018-03-14 16:32:19,FY,228753000,63287000,165466000,0.723339,0.0,43859000,0.0,1100000.0,244960000,308247000,5592000.0,65832000,-13653000,-0.059684,-79494000,-0.34751,0.0,-85077000,-0.371916,0.0,-85077000,-0.371916,-3.38696,-3.38696,25119000,25119000,https://www.sec.gov/Archives/edgar/data/1533924/000110465918017491/0001104659-18-017491-index.html,https://www.sec.gov/Archives/edgar/data/1533924/000110465918017491/a18-1061_110k.htm
0,2016-12-31,AMPY,2017-03-30 00:00:00,2017-03-30 16:37:04,FY,241753000,68127000,173626000,0.718196,0.0,44782000,0.0,1624000.0,-1226405000,-1158278000,-67022000,75276000,1341263000,5.548072,1400031000,5.791163,0.0,1333009000,5.51393,0.0,1333009000,5.51393,53.30117,53.30117,25009000,25009000,https://www.sec.gov/Archives/edgar/data/1533924/000104746917002204/0001047469-17-002204-index.html,https://www.sec.gov/Archives/edgar/data/1533924/000104746917002204/a2231529z10-k.htm
0,2015-12-31,AMPY,2016-03-30 00:00:00,2016-03-30 16:11:33,FY,365145000,81473000,283672000,0.776875,0.0,54249000,0.0,3731000.0,1927475000,2008948000,163148000,198643000,-1445045000,-3.957455,-1643803000,-4.501781,0.0,-1806836000,-4.94827,-9641000.0,-1797195000,-4.921867,-232.61649,-232.61649,7726000.0,7726000.0,https://www.sec.gov/Archives/edgar/data/1533924/000104746916011743/0001047469-16-011743-index.html,https://www.sec.gov/Archives/edgar/data/1533924/000104746916011743/a2228030z10-k.htm
0,2014-12-31,AMPY,2015-03-16,2015-03-16 15:03:54,FY,794183000,79598000,714585000,0.899774,0.0,62137000,0.0,6814000.0,453752000,533350000,137548000,269935000,530807000,0.668369,260833000,0.328429,0.0,123324000,0.155284,6395000.0,116929000,0.147232,17.59919,17.59919,6644000.0,6644000.0,https://www.sec.gov/Archives/edgar/data/1533924/000104746915002257/a2223529z10-k.htm,https://www.sec.gov/Archives/edgar/data/1533924/000104746915002257/a2223529z10-k.htm
0,2013-12-31,AMPY,2014-03-24,2014-03-24 16:21:13,FY,469500000,73400000,396100000,0.843663,0.0,58700000,0.0,2100000.0,803500000,876900000,83138000,250400000,-156991000,-0.334379,-407400000,-0.867732,1400000.0,-490500000,-1.044728,-146529000,-344000000,-0.732694,-52.12121,-52.12121,6600000.0,6600000.0,https://www.sec.gov/Archives/edgar/data/1533924/000104746914002865/a2218798z10-k.htm,https://www.sec.gov/Archives/edgar/data/1533924/000104746914002865/a2218798z10-k.htm
0,2012-12-31,AMPY,2013-03-21 00:00:00,2013-03-21 17:06:02,FY,247700000,30500000,217200000,0.876867,0.0,30500000,0.0,700000.0,196600000,227100000,12999000,125600000,146385000,0.590977,20500000,0.082761,700000.0,7800000.0,0.03149,157886000,-150100000,-0.605975,-22.40299,-22.40299,6700000.0,6700000.0,https://www.sec.gov/Archives/edgar/data/1533924/000104746913003196/0001047469-13-003196-index.html,https://www.sec.gov/Archives/edgar/data/1533924/000104746913003196/a2213607z10-k.htm
