,date,symbol,fillingDate,acceptedDate,period,revenue,costOfRevenue,grossProfit,grossProfitRatio,researchAndDevelopmentExpenses,generalAndAdministrativeExpenses,sellingAndMarketingExpenses,otherExpenses,operatingExpenses,costAndExpenses,interestExpense,depreciationAndAmortization,ebitda,ebitdaratio,operatingIncome,operatingIncomeRatio,totalOtherIncomeExpensesNet,incomeBeforeTax,incomeBeforeTaxRatio,incomeTaxExpense,netIncome,netIncomeRatio,eps,epsdiluted,weightedAverageShsOut,weightedAverageShsOutDil,link,finalLink
0,2019-12-31,EURN,2020-04-29,Not found...,FY,932377000,356476000,575901000,0.61767,0.0,67494000,0.0,-10094000,380298000,736774000,-75297000,337702000,375237000,0.402452,195603000,0.20979,-7474000.0,112832000,0.121015,602000.0,112230000,0.12037,0.51951,0.51951,216029170,216029170,https://www.sec.gov/Archives/edgar/data/1604481/000160448120000004/a20f2019.htm,https://www.sec.gov/Archives/edgar/data/1604481/000160448120000004/a20f2019.htm
0,2018-12-31,EURN,2019-04-30,Not found...,FY,600024000,327208000,272816000,0.454675,0.0,97346000,0.0,-4775000.0,324335000,651543000,-51511000,270693000,108874000,0.181449,-51519000,-0.085862,-6802000.0,-109832000,-0.183046,-238000.0,-110070000,-0.183443,-0.5733,-0.5733,191994400,191994400,https://www.sec.gov/Archives/edgar/data/1604481/000160448119000006/a20f2018.htm,https://www.sec.gov/Archives/edgar/data/1604481/000160448119000006/a20f2018.htm
0,2017-12-31,EURN,2018-04-17,Not found...,FY,513368000,212462000,300906000,0.586141,0.0,78041000,0.0,-4902000.0,287500000,499962000,-7562000.0,229872000,225051000,0.438381,13406000,0.026114,-5819000.0,25000.0,4.9e-05,1358000.0,1383000.0,0.002694,0.00874,0.00874,158297060,158297060,https://www.sec.gov/Archives/edgar/data/1604481/000160448118000007/a20f2017.htm,https://www.sec.gov/Archives/edgar/data/1604481/000160448118000007/a20f2017.htm
0,2016-12-31,EURN,2017-04-14,Not found...,FY,684265000,219759000,464506000,0.678839,0.0,61764000,0.0,-6996000.0,256286000.00000006,476045000.00000006,232000.0,227762999.99999997,432218000,0.631653,208220000,0.304297,-4577000.0,203875000,0.297947,174000.0,204049000,0.298202,1.28795,1.28795,158429060,158429060,https://www.sec.gov/Archives/edgar/data/1604481/000091957417003437/d7461142_20-f.htm,https://www.sec.gov/Archives/edgar/data/1604481/000091957417003437/d7461142_20-f.htm
0,2015-12-31,EURN,2016-04-05,Not found...,FY,846507000,224955000,621552000,0.734255,0.0,72100000,0.0,-7426000.0,269580000.00000006,494535000.00000006,12443000,210206000.00000003,567317000,0.670186,351972000,0.415793,-8481000.0,355934000,0.420474,-5633000.0,350301000,0.413819,2.22372,2.22372,157529560,157529560,https://www.sec.gov/Archives/edgar/data/1604481/000091957416012266/d7100196_20-f.htm,https://www.sec.gov/Archives/edgar/data/1604481/000091957416012266/d7100196_20-f.htm
0,2014-12-31,EURN,,,FY,474000000,242400000,231600000,0.488608,0.0,76200000,0.0,-11400000,220100000,462500000,-27400000,160900000,82000000,0.172996,11500000,0.024262,-35700000,-51500000,-0.10865,-5700000.0,-45800000,-0.096624,-0.39313,-0.39313,116500000,116500000,,
