,date,symbol,fillingDate,acceptedDate,period,revenue,costOfRevenue,grossProfit,grossProfitRatio,researchAndDevelopmentExpenses,generalAndAdministrativeExpenses,sellingAndMarketingExpenses,otherExpenses,operatingExpenses,costAndExpenses,interestExpense,depreciationAndAmortization,ebitda,ebitdaratio,operatingIncome,operatingIncomeRatio,totalOtherIncomeExpensesNet,incomeBeforeTax,incomeBeforeTaxRatio,incomeTaxExpense,netIncome,netIncomeRatio,eps,epsdiluted,weightedAverageShsOut,weightedAverageShsOutDil,link,finalLink
0,2019-12-31,FANG,2020-02-27,2020-02-26 18:38:37,FY,3964000000,917000000,3047000000,0.7686680121089808,0.0,104000000,0.0,11000000,2408000000,3325000000,173000000,1447000000,1907000000,0.48108,639000000,0.161201,-2000000.0,362000000,0.091322,47000000,240000000,0.060545,1.46482,1.46482,0.0,0.0,https://www.sec.gov/Archives/edgar/data/1539838/000153983820000021/0001539838-20-000021-index.htm,https://www.sec.gov/Archives/edgar/data/1539838/000153983820000021/diamondback201910-k.htm
0,2018-12-31,FANG,2019-02-25,2019-02-25 06:35:46,FY,2176256000,435627000,1740629000,0.7998273181096341,0.0,64554000,0.0,5417000.0,729841000.0000001,1165468000,87843000,623039000,1724916000,0.792607,1010788000,0.464462,88996000,1113257000,0.511547,168362000,845672000,0.38859,8.05947,8.05947,0.0,0.0,https://www.sec.gov/Archives/edgar/data/1539838/000153983819000008/0001539838-19-000008-index.htm,https://www.sec.gov/Archives/edgar/data/1539838/000153983819000008/diamondback201810-k.htm
0,2017-12-31,FANG,2018-02-15,2018-02-14 21:06:11,FY,1205111000,223272000,981839000,0.8147290996431034,0.0,48669000,0.0,1391000.0,376819000,600091000,40734000,326759000,830186000,0.688888,605020000,0.502045,10235000,497189000,0.412567,-19568000,482261000,0.40018,4.93675,4.93675,0.0,0.0,https://www.sec.gov/Archives/edgar/data/1539838/000153983818000014/0001539838-18-000014-index.htm,https://www.sec.gov/Archives/edgar/data/1539838/000153983818000014/diamondback201710-k.htm
0,2016-12-31,FANG,2017-02-15,2017-02-15 17:26:25,FY,527107000,128490000,398617000,0.7562354512461417,0.0,42619000,0.0,1064000.0,500367999.99999994,628857999.9999999,41068000,178015000,54241000,0.102903,-101751000,-0.193037,3064000.0,-164716000,-0.312491,192000.0,-165034000,-0.313094,-2.1982,-2.1982,0.0,0.0,https://www.sec.gov/Archives/edgar/data/1539838/000153983817000009/0001539838-17-000009-index.htm,https://www.sec.gov/Archives/edgar/data/1539838/000153983817000009/diamondback201610-k.htm
0,2015-12-31,FANG,2016-02-19,2016-02-19 16:41:46,FY,446733000,121706000,325027000,0.727564339325727,0.0,31968000,0.0,833000.0,1065296000,1187002000,41513000,217697000,-492728000,-1.102959,-740269000,-1.657073,728000.0,-749100000,-1.676841,-201310000,-550628000,-1.232566,-8.73749,-8.73749,0.0,0.0,https://www.sec.gov/Archives/edgar/data/1539838/000153983816000129/0001539838-16-000129-index.htm,https://www.sec.gov/Archives/edgar/data/1539838/000153983816000129/diamondback201510-k.htm
0,2014-12-31,FANG,2015-02-20,2015-02-19 19:09:53,FY,495718000,91310000,404408000,0.8158025328916844,0.0,21266000,0.0,467000.0,191738000,283048000,34515000,170005000,507260000,1.023283,212670000,0.429014,-739000.0,304956000,0.61518,108985000,193755000,0.390857,3.63538,3.63538,0.0,0.0,https://www.sec.gov/Archives/edgar/data/1539838/000153983815000005/0001539838-15-000005-index.htm,https://www.sec.gov/Archives/edgar/data/1539838/000153983815000005/a12311410-k.htm
0,2013-12-31,FANG,2014-02-19,2014-02-19 17:29:30,FY,208000000,35000000,173000000,0.8317307692307693,0.0,11000000,0.0,200000.0,77800000,112800000,8059000.0,66600000,129450000,0.622356,95200000,0.457692,1100000.0,86300000,0.414904,191000.0,54600000,0.2625,1.29078,1.29078,41990000,42315503,https://www.sec.gov/Archives/edgar/data/1539838/000153983814000007/0001539838-14-000007-index.htm,https://www.sec.gov/Archives/edgar/data/1539838/000153983814000007/a12311310-k.htm
0,2012-12-31,FANG,2013-03-01,2013-03-01 16:52:42,FY,75000000,20900000,54100000,0.7213333333333334,0.0,10400000,0.0,100000.0,36800000.00000001,57700000.00000001,3610000.0,26300000,48313000,0.644173,17300000,0.230667,2100000.0,18400000,0.245333,54903000,-36500000,-0.486667,-1.03989,-1.03989,0.0,0.0,https://www.sec.gov/Archives/edgar/data/1539838/000153983813000004/0001539838-13-000004-index.htm,https://www.sec.gov/Archives/edgar/data/1539838/000153983813000004/a12311210-k.htm
