,date,symbol,fillingDate,acceptedDate,period,revenue,costOfRevenue,grossProfit,grossProfitRatio,researchAndDevelopmentExpenses,generalAndAdministrativeExpenses,sellingAndMarketingExpenses,otherExpenses,operatingExpenses,costAndExpenses,interestExpense,depreciationAndAmortization,ebitda,ebitdaratio,operatingIncome,operatingIncomeRatio,totalOtherIncomeExpensesNet,incomeBeforeTax,incomeBeforeTaxRatio,incomeTaxExpense,netIncome,netIncomeRatio,eps,epsdiluted,weightedAverageShsOut,weightedAverageShsOutDil,link,finalLink
0,2019-12-31,PPL.TO,2019-12-31,2019-12-31,FY,7230000000,5187000000,2043000000,0.2825726141078838,0.0,296000000,0.0,1000000.0,15000000,5498000000,321000000,0.0,2614000000,0.3615491009681881,1732000000,0.21134163208852005,117000000,1528000000,0.21134163208852005,36000000,1492000000,0.20636237897648685,2.66,2.65,560902256,563018868,https://www.sedar.com/ModifyCompanyDocumentSearchForm.do?lang=EN&company_search=Pembina Pipeline Corp&document_selection=0&industry_group=A&FromDate=13&FromMonth=05&FromYear=2000&ToDate=13&ToMonth=11&ToYear=2020&Variable=Issuer,https://www.sedar.com/ModifyCompanyDocumentSearchForm.do?lang=EN&company_search=Pembina Pipeline Corp&document_selection=0&industry_group=A&FromDate=13&FromMonth=05&FromYear=2000&ToDate=13&ToMonth=11&ToYear=2020&Variable=Issuer
0,2018-12-31,PPL.TO,2018-12-31,2018-12-31,FY,7351000000,5457000000,1894000000,0.2576520201333152,0.0,279000000,0.0,-274000000,27000000,5763000000,286000000,0.0,2416000000,0.3286627669704802,1588000000,0.23697456128417901,440000000,1742000000,0.23697456128417901,464000000,1278000000,0.17385389742892124,2.28,2.28,505000000,509000000,https://www.sedar.com/ModifyCompanyDocumentSearchForm.do?lang=EN&company_search=Pembina Pipeline Corp&document_selection=0&industry_group=A&FromDate=13&FromMonth=05&FromYear=2000&ToDate=13&ToMonth=11&ToYear=2020&Variable=Issuer,https://www.sedar.com/ModifyCompanyDocumentSearchForm.do?lang=EN&company_search=Pembina Pipeline Corp&document_selection=0&industry_group=A&FromDate=13&FromMonth=05&FromYear=2000&ToDate=13&ToMonth=11&ToYear=2020&Variable=Issuer
0,2017-12-31,PPL.TO,2017-12-31,2017-12-31,FY,5408000000,3971000000,1437000000,0.2657174556213018,0.0,236000000,0.0,-13000000,28000000,4235000000,183000000,0.0,1658000000,0.3065828402366864,1173000000,0.19101331360946747,43000000,1033000000,0.19101331360946747,142000000,891000000,0.16475591715976332,1.89,1.88,426000000,432000000,https://www.sedar.com/ModifyCompanyDocumentSearchForm.do?lang=EN&company_search=Pembina Pipeline Corp&document_selection=0&industry_group=A&FromDate=13&FromMonth=05&FromYear=2000&ToDate=13&ToMonth=11&ToYear=2020&Variable=Issuer,https://www.sedar.com/ModifyCompanyDocumentSearchForm.do?lang=EN&company_search=Pembina Pipeline Corp&document_selection=0&industry_group=A&FromDate=13&FromMonth=05&FromYear=2000&ToDate=13&ToMonth=11&ToYear=2020&Variable=Issuer
0,2016-12-31,PPL.TO,2016-12-31,2016-12-31,FY,4265000000,3193000000,1072000000,0.25134818288393906,0.0,195000000,0.0,-40000000,-1000000.0,3387000000,112000000,0.0,1131000000,0.2651817116060961,878000000,0.1533411488862837,-112000000,654000000,0.1533411488862837,189000000,466000000,0.10926143024618992,1.02,1.01,388000000,389000000,https://www.sedar.com/ModifyCompanyDocumentSearchForm.do?lang=EN&company_search=Pembina Pipeline Corp&document_selection=0&industry_group=A&FromDate=13&FromMonth=05&FromYear=2000&ToDate=13&ToMonth=11&ToYear=2020&Variable=Issuer,https://www.sedar.com/ModifyCompanyDocumentSearchForm.do?lang=EN&company_search=Pembina Pipeline Corp&document_selection=0&industry_group=A&FromDate=13&FromMonth=05&FromYear=2000&ToDate=13&ToMonth=11&ToYear=2020&Variable=Issuer
0,2015-12-31,PPL.TO,2015-12-31,2015-12-31,FY,4635000000,3803000000,832000000,0.17950377562028047,0.0,157000000,0.0,40000000,24000000,3984000000,113000000,0.0,954000000,0.2058252427184466,651000000,0.13247033441208197,76000000,614000000,0.13247033441208197,199000000,406000000,0.08759439050701187,1.02,1.02,347000000,348000000,https://www.sedar.com/ModifyCompanyDocumentSearchForm.do?lang=EN&company_search=Pembina Pipeline Corp&document_selection=0&industry_group=A&FromDate=13&FromMonth=05&FromYear=2000&ToDate=13&ToMonth=11&ToYear=2020&Variable=Issuer,https://www.sedar.com/ModifyCompanyDocumentSearchForm.do?lang=EN&company_search=Pembina Pipeline Corp&document_selection=0&industry_group=A&FromDate=13&FromMonth=05&FromYear=2000&ToDate=13&ToMonth=11&ToYear=2020&Variable=Issuer
0,2014-12-31,PPL.TO,2014-12-31,2014-12-31,FY,6069000000,5217000000,852000000,0.14038556599110233,0.0,156000000,0.0,-41000000,18000000,5391000000,99000000,0.0,868000000,0.14302191464821223,678000000,0.09424946449167902,-12000000,572000000,0.09424946449167902,167000000,383000000,0.0631075959795683,1.07,1.06,326000000,328000000,https://www.sedar.com/ModifyCompanyDocumentSearchForm.do?lang=EN&company_search=Pembina Pipeline Corp&document_selection=0&industry_group=A&FromDate=13&FromMonth=05&FromYear=2000&ToDate=13&ToMonth=11&ToYear=2020&Variable=Issuer,https://www.sedar.com/ModifyCompanyDocumentSearchForm.do?lang=EN&company_search=Pembina Pipeline Corp&document_selection=0&industry_group=A&FromDate=13&FromMonth=05&FromYear=2000&ToDate=13&ToMonth=11&ToYear=2020&Variable=Issuer
0,2013-12-31,PPL.TO,2013-12-31,2013-12-31,FY,5025000000,4238000000,787000000,0.15661691542288558,0.0,132000000,0.0,-71000000,0.0,4370000000,106000000,0.0,760000000,0.15124378109452735,655000000,0.09830845771144278,-60000000,494000000,0.09830845771144278,143000000,351000000,0.06985074626865671,1.12,1.12,307211000,308081000,https://www.sedar.com/ModifyCompanyDocumentSearchForm.do?lang=EN&company_search=Pembina Pipeline Corp&document_selection=0&industry_group=A&FromDate=13&FromMonth=05&FromYear=2000&ToDate=13&ToMonth=11&ToYear=2020&Variable=Issuer,https://www.sedar.com/ModifyCompanyDocumentSearchForm.do?lang=EN&company_search=Pembina Pipeline Corp&document_selection=0&industry_group=A&FromDate=13&FromMonth=05&FromYear=2000&ToDate=13&ToMonth=11&ToYear=2020&Variable=Issuer
0,2012-12-31,PPL.TO,2012-12-31,2012-12-31,FY,3427402000,2920208000,507194000,0.14798205754679492,0.0,97488000,0.0,0.0,0.0,3017696000,121751000,0.0,582311000,0.1698986579339103,409706000,0.08792286402353736,6781000.0,301347000,0.08792286402353736,75339000,224844000,0.06560187570643887,0.87,0.866508,258869000,259483000,https://www.sedar.com/ModifyCompanyDocumentSearchForm.do?lang=EN&company_search=Pembina Pipeline Corp&document_selection=0&industry_group=A&FromDate=13&FromMonth=05&FromYear=2000&ToDate=13&ToMonth=11&ToYear=2020&Variable=Issuer,https://www.sedar.com/ModifyCompanyDocumentSearchForm.do?lang=EN&company_search=Pembina Pipeline Corp&document_selection=0&industry_group=A&FromDate=13&FromMonth=05&FromYear=2000&ToDate=13&ToMonth=11&ToYear=2020&Variable=Issuer
0,2011-12-31,PPL.TO,2011-12-31,2011-12-31,FY,1676710000,1331983000,344727000,0.20559727084588272,0.0,59984000,0.0,0.0,1429000.0,1395603000,88125000,2207000.0,357113000,0.21298435626912227,281107000,0.11854703556369318,0.0,198769000,0.11854703556369318,38869000,165666000,0.09880420585551467,0.99,0.99,167433000,168175000,https://www.sedar.com/ModifyCompanyDocumentSearchForm.do?lang=EN&company_search=Pembina Pipeline Corp&document_selection=0&industry_group=A&FromDate=13&FromMonth=05&FromYear=2000&ToDate=13&ToMonth=11&ToYear=2020&Variable=Issuer,https://www.sedar.com/ModifyCompanyDocumentSearchForm.do?lang=EN&company_search=Pembina Pipeline Corp&document_selection=0&industry_group=A&FromDate=13&FromMonth=05&FromYear=2000&ToDate=13&ToMonth=11&ToYear=2020&Variable=Issuer
0,2010-12-31,PPL.TO,2010-12-31,2010-12-31,FY,1255102000,895370000,359732000,0.28661574915823573,0.0,44086000,0.0,0.0,-189000.0,1006158000,60168000,66891000,315835000,0.2516409024923871,248944000,0.14477548438294258,-7068000.0,181708000,0.14477548438294258,-4992000.0,186700000,0.14875285036594635,1.14,1.14,163223000,163802000,https://www.sedar.com/ModifyCompanyDocumentSearchForm.do?lang=EN&company_search=Pembina Pipeline Corp&document_selection=0&industry_group=A&FromDate=13&FromMonth=05&FromYear=2000&ToDate=13&ToMonth=11&ToYear=2020&Variable=Issuer,https://www.sedar.com/ModifyCompanyDocumentSearchForm.do?lang=EN&company_search=Pembina Pipeline Corp&document_selection=0&industry_group=A&FromDate=13&FromMonth=05&FromYear=2000&ToDate=13&ToMonth=11&ToYear=2020&Variable=Issuer
0,2009-12-31,PPL.TO,2009-12-31,2009-12-31,FY,811796000,473534000,338262000,0.41668350176645363,0.0,51367000,0.0,0.0,0.0,594723000,51894000,69822000,286895000,0.35340775268663555,217073000,0.19490857308979104,-6953000.0,158226000,0.19490857308979104,-3852000.0,162078000,0.19965360755657827,1.09,1.07,149001000,154125000,https://www.sedar.com/ModifyCompanyDocumentSearchForm.do?lang=EN&company_search=Pembina Pipeline Corp&document_selection=0&industry_group=A&FromDate=13&FromMonth=05&FromYear=2000&ToDate=13&ToMonth=11&ToYear=2020&Variable=Issuer,https://www.sedar.com/ModifyCompanyDocumentSearchForm.do?lang=EN&company_search=Pembina Pipeline Corp&document_selection=0&industry_group=A&FromDate=13&FromMonth=05&FromYear=2000&ToDate=13&ToMonth=11&ToYear=2020&Variable=Issuer
0,2008-12-31,PPL.TO,2008-12-31,2008-12-31,FY,674883000,371855000,303028000,0.4490081984581031,0.0,38632000,0.0,0.0,0.0,482635000,0.0,72148000,264396000,0.3917656838296416,192248000,0.25622218962397925,23488000,172920000,0.25622218962397925,11127000,161793000,0.2397348873804793,1.21,1.19,133380000,137648000,https://www.sedar.com/ModifyCompanyDocumentSearchForm.do?lang=EN&company_search=Pembina Pipeline Corp&document_selection=0&industry_group=A&FromDate=13&FromMonth=05&FromYear=2000&ToDate=13&ToMonth=11&ToYear=2020&Variable=Issuer,https://www.sedar.com/ModifyCompanyDocumentSearchForm.do?lang=EN&company_search=Pembina Pipeline Corp&document_selection=0&industry_group=A&FromDate=13&FromMonth=05&FromYear=2000&ToDate=13&ToMonth=11&ToYear=2020&Variable=Issuer
0,2007-12-31,PPL.TO,2007-12-31,2007-12-31,FY,504788000,244681000,260107000,0.5152796817673955,0.0,30643000,0.0,0.0,0.0,341774000,0.0,66450000,229464000,0.4545749898967487,163014000,0.23729763782023344,-9004000.0,119785000,0.23729763782023344,-22520000,142305000,0.28191042576289455,1.09,1.06,130555046,134250000,https://www.sedar.com/ModifyCompanyDocumentSearchForm.do?lang=EN&company_search=Pembina Pipeline Corp&document_selection=0&industry_group=A&FromDate=13&FromMonth=05&FromYear=2000&ToDate=13&ToMonth=11&ToYear=2020&Variable=Issuer,https://www.sedar.com/ModifyCompanyDocumentSearchForm.do?lang=EN&company_search=Pembina Pipeline Corp&document_selection=0&industry_group=A&FromDate=13&FromMonth=05&FromYear=2000&ToDate=13&ToMonth=11&ToYear=2020&Variable=Issuer
0,2006-12-31,PPL.TO,2006-12-31,2006-12-31,FY,335818000,119010000,216808000,0.6456116110512242,0.0,26635000,0.0,-7395000.0,0.0,231264000,32580000,85619000,184173000,0.5484309953605823,104554000,0.19230356919521885,-1395000.0,64579000,0.19230356919521885,-24306000,88885000,0.2646820599253167,0.73,0.73,121760274,121760274,https://www.sedar.com/ModifyCompanyDocumentSearchForm.do?lang=EN&company_search=Pembina Pipeline Corp&document_selection=0&industry_group=A&FromDate=13&FromMonth=05&FromYear=2000&ToDate=13&ToMonth=11&ToYear=2020&Variable=Issuer,https://www.sedar.com/ModifyCompanyDocumentSearchForm.do?lang=EN&company_search=Pembina Pipeline Corp&document_selection=0&industry_group=A&FromDate=13&FromMonth=05&FromYear=2000&ToDate=13&ToMonth=11&ToYear=2020&Variable=Issuer
0,2005-12-31,PPL.TO,2005-12-31,2005-12-31,FY,290522000,102736000,187786000,0.6463744570118614,0.0,17973000,0.0,0.0,0.0,205979000,40476000,85270000,169813000,0.5845099510536207,84543000,0.14721432456061848,-1298000.0,42769000,0.14721432456061848,-27640000,70409000,0.24235341901818105,0.65,0.65,108321538,108321538,https://www.sedar.com/ModifyCompanyDocumentSearchForm.do?lang=EN&company_search=Pembina Pipeline Corp&document_selection=0&industry_group=A&FromDate=13&FromMonth=05&FromYear=2000&ToDate=13&ToMonth=11&ToYear=2020&Variable=Issuer,https://www.sedar.com/ModifyCompanyDocumentSearchForm.do?lang=EN&company_search=Pembina Pipeline Corp&document_selection=0&industry_group=A&FromDate=13&FromMonth=05&FromYear=2000&ToDate=13&ToMonth=11&ToYear=2020&Variable=Issuer
0,2004-12-31,PPL.TO,2004-12-31,2004-12-31,FY,278291000,105028000,173263000,0.6225964907237388,0.0,16228000,0.0,0.0,0.0,204951000,0.0,83695000,157987000,0.567704309517735,73340000,0.10540764882802534,15000.0,29334000,0.10540764882802534,-31089000,60423000,0.217121646046764,0.6,0.6,100705000,100705000,https://www.sedar.com/ModifyCompanyDocumentSearchForm.do?lang=EN&company_search=Pembina Pipeline Corp&document_selection=0&industry_group=A&FromDate=13&FromMonth=05&FromYear=2000&ToDate=13&ToMonth=11&ToYear=2020&Variable=Issuer,https://www.sedar.com/ModifyCompanyDocumentSearchForm.do?lang=EN&company_search=Pembina Pipeline Corp&document_selection=0&industry_group=A&FromDate=13&FromMonth=05&FromYear=2000&ToDate=13&ToMonth=11&ToYear=2020&Variable=Issuer
0,2003-12-31,PPL.TO,2003-12-31,2003-12-31,FY,243074000,96151000,146923000,0.6044373318413323,0.0,12786000,0.0,0.0,0.0,185259000,20291000,76322000,134137000,0.5518360663830768,57815000,0.15239803516624567,-480000.0,37044000,0.15239803516624567,-26346000,63390000,0.2607847815891457,0.52,0.52,121903846,121903846,https://www.sedar.com/ModifyCompanyDocumentSearchForm.do?lang=EN&company_search=Pembina Pipeline Corp&document_selection=0&industry_group=A&FromDate=13&FromMonth=05&FromYear=2000&ToDate=13&ToMonth=11&ToYear=2020&Variable=Issuer,https://www.sedar.com/ModifyCompanyDocumentSearchForm.do?lang=EN&company_search=Pembina Pipeline Corp&document_selection=0&industry_group=A&FromDate=13&FromMonth=05&FromYear=2000&ToDate=13&ToMonth=11&ToYear=2020&Variable=Issuer
0,2002-12-31,PPL.TO,2002-12-31,2002-12-31,FY,224467000,88972000,135495000,0.6036299322394829,0.0,11827000,0.0,0.0,0.0,168772000,0.0,67973000,123668000,0.5509406727937737,55695000,0.17390084065809228,-825000.0,39035000,0.17390084065809228,-20501000,59536000,0.2652327513621156,0.65,0.59,91593846,100908475,https://www.sedar.com/ModifyCompanyDocumentSearchForm.do?lang=EN&company_search=Pembina Pipeline Corp&document_selection=0&industry_group=A&FromDate=13&FromMonth=05&FromYear=2000&ToDate=13&ToMonth=11&ToYear=2020&Variable=Issuer,https://www.sedar.com/ModifyCompanyDocumentSearchForm.do?lang=EN&company_search=Pembina Pipeline Corp&document_selection=0&industry_group=A&FromDate=13&FromMonth=05&FromYear=2000&ToDate=13&ToMonth=11&ToYear=2020&Variable=Issuer
0,2001-12-31,PPL.TO,2001-12-31,2001-12-31,FY,191647000,71368000,120279000,0.6276070066319849,0.0,9834000.0,0.0,0.0,-20520000,142823000,0.0,82141000,130965000,0.6833657714443743,48824000,0.08693587689867308,3667000.0,16661000,0.08693587689867308,-23610000,40271000,0.2101311264981972,0.52,0.49,77444231,82185714,https://www.sedar.com/ModifyCompanyDocumentSearchForm.do?lang=EN&company_search=Pembina Pipeline Corp&document_selection=0&industry_group=A&FromDate=13&FromMonth=05&FromYear=2000&ToDate=13&ToMonth=11&ToYear=2020&Variable=Issuer,https://www.sedar.com/ModifyCompanyDocumentSearchForm.do?lang=EN&company_search=Pembina Pipeline Corp&document_selection=0&industry_group=A&FromDate=13&FromMonth=05&FromYear=2000&ToDate=13&ToMonth=11&ToYear=2020&Variable=Issuer
0,2000-12-31,PPL.TO,2000-12-31,2000-12-31,FY,136190000,52475000,83715000,0.6146927087157648,0.0,7411000.0,0.0,0.0,-97378000,28061000,11421000,65553000,173682000,1.2752918716499009,108129000,0.0211322417211249,3548000.0,2878000.0,0.0211322417211249,-49610000,52488000,0.3854027461634481,0.8,0.8,65610000,65610000,https://www.sedar.com/ModifyCompanyDocumentSearchForm.do?lang=EN&company_search=Pembina Pipeline Corp&document_selection=0&industry_group=A&FromDate=13&FromMonth=05&FromYear=2000&ToDate=13&ToMonth=11&ToYear=2020&Variable=Issuer,https://www.sedar.com/ModifyCompanyDocumentSearchForm.do?lang=EN&company_search=Pembina Pipeline Corp&document_selection=0&industry_group=A&FromDate=13&FromMonth=05&FromYear=2000&ToDate=13&ToMonth=11&ToYear=2020&Variable=Issuer
0,1999-12-31,PPL.TO,1999-12-31,1999-12-31,FY,101335000,36576000,64759000,0.639058568115656,0.0,7238000.0,0.0,0.0,-64321000,18507000,0.0,39014000,121842000,1.2023683820989786,82828000,0.19347708096906302,0.0,19606000,0.19347708096906302,282000.0,19324000,0.19069423200276311,0.31,0.31,62335484,62425000,https://www.sedar.com/ModifyCompanyDocumentSearchForm.do?lang=EN&company_search=Pembina Pipeline Corp&document_selection=0&industry_group=A&FromDate=13&FromMonth=05&FromYear=2000&ToDate=13&ToMonth=11&ToYear=2020&Variable=Issuer,https://www.sedar.com/ModifyCompanyDocumentSearchForm.do?lang=EN&company_search=Pembina Pipeline Corp&document_selection=0&industry_group=A&FromDate=13&FromMonth=05&FromYear=2000&ToDate=13&ToMonth=11&ToYear=2020&Variable=Issuer
0,1998-12-31,PPL.TO,1998-12-31,1998-12-31,FY,108679000,38301000,70378000,0.6475768087671031,0.0,9222000.0,0.0,0.0,0.0,89288000,0.0,41765000,61156000,0.5627214089198466,19391000,0.18106533920996698,0.0,19678000,0.18106533920996698,391000.0,19287000,0.1774675880344869,0.31,0.31,62216129,62216129,https://www.sedar.com/ModifyCompanyDocumentSearchForm.do?lang=EN&company_search=Pembina Pipeline Corp&document_selection=0&industry_group=A&FromDate=13&FromMonth=05&FromYear=2000&ToDate=13&ToMonth=11&ToYear=2020&Variable=Issuer,https://www.sedar.com/ModifyCompanyDocumentSearchForm.do?lang=EN&company_search=Pembina Pipeline Corp&document_selection=0&industry_group=A&FromDate=13&FromMonth=05&FromYear=2000&ToDate=13&ToMonth=11&ToYear=2020&Variable=Issuer
