,date,symbol,fillingDate,acceptedDate,period,revenue,costOfRevenue,grossProfit,grossProfitRatio,researchAndDevelopmentExpenses,generalAndAdministrativeExpenses,sellingAndMarketingExpenses,otherExpenses,operatingExpenses,costAndExpenses,interestExpense,depreciationAndAmortization,ebitda,ebitdaratio,operatingIncome,operatingIncomeRatio,totalOtherIncomeExpensesNet,incomeBeforeTax,incomeBeforeTaxRatio,incomeTaxExpense,netIncome,netIncomeRatio,eps,epsdiluted,weightedAverageShsOut,weightedAverageShsOutDil,link,finalLink
0,2019-12-31,SLCA,2020-02-25 00:00:00,2020-02-25 16:48:57,FY,1474477000,1133293000,341184000,0.23139323299040948,0.0,150848000,0.0,19519000,0.0,1463585000,95472000,0.0,209855000,0.14232504135364607,10892000,-0.2908882268085565,-344328000,-428908000,-0.2908882268085565,-99151000,-329082000,-0.22318557698763697,-4.49,-4.49,73253000,73253000,https://www.sec.gov/Archives/edgar/data/1524741/000162828020002217/0001628280-20-002217-index.html,https://www.sec.gov/Archives/edgar/data/1524741/000162828020002217/slca-20191231x10xk.htm
0,2018-12-31,SLCA,2019-02-20 00:00:00,2019-02-19 19:16:09,FY,1577298000,1163129000,414169000,0.26258132578624965,0.0,146971000,0.0,4144000.0,0.0,1458932000,70564000,0.0,271342000,0.17202963549056677,118366000,-0.14578919138932528,-277755000,-229953000,-0.14578919138932528,-29132000,-200808000,-0.12731138947744813,-2.63,-2.63,76453000,76453000,https://www.sec.gov/Archives/edgar/data/1524741/000162828019001568/0001628280-19-001568-index.html,https://www.sec.gov/Archives/edgar/data/1524741/000162828019001568/slca-20181231x10xk.htm
0,2017-12-31,SLCA,2018-02-21 00:00:00,2018-02-21 16:57:56,FY,1240851000,867515000,373336000,0.3008709345441153,0.0,107592000,0.0,-643000.0,0.0,1072340000,31342000,0.0,265101000,0.21364450687471742,168511000,0.11002610305346895,-643000.0,136526000,0.11002610305346895,-8680000.0,145206000,0.11702130231591061,1.79,1.77,81051000,81960000,https://www.sec.gov/Archives/edgar/data/1524741/000162828018001983/0001628280-18-001983-index.html,https://www.sec.gov/Archives/edgar/data/1524741/000162828018001983/slca-20171231x10xk.htm
0,2016-12-31,SLCA,2017-02-23 00:00:00,2017-02-23 16:39:44,FY,559625000,477295000,82330000,0.14711637257091803,0.0,67727000,0.0,3758000.0,0.0,613156000,27972000,0.0,18361000,0.032809470627652444,-53531000,-0.13892338619611347,3758000.0,-77745000,-0.13892338619611347,-36689000,-41056000,-0.07336341299977664,-0.63,-0.63,65037000,65037000,https://www.sec.gov/Archives/edgar/data/1524741/000162828017001655/0001628280-17-001655-index.html,https://www.sec.gov/Archives/edgar/data/1524741/000162828017001655/slca-20161231x10xk.htm
0,2015-12-31,SLCA,2016-02-24 00:00:00,2016-02-24 17:06:15,FY,642989000,495066000,147923000,0.2300552575549504,0.0,62777000,0.0,728000.0,0.0,616317000,27283000,0.0,85874000,0.13355438428962238,26672000,0.00018196267743305096,728000.0,117000.0,0.00018196267743305096,-11751000,11868000,0.018457547485260246,0.22,0.22,53344000,53601000,https://www.sec.gov/Archives/edgar/data/1524741/000162828016011647/0001628280-16-011647-index.html,https://www.sec.gov/Archives/edgar/data/1524741/000162828016011647/slca-20151231x10xk.htm
0,2014-12-31,SLCA,2015-02-25,2015-02-25 16:29:22,FY,876741000,566584000,310157000,0.3537612590263259,0.0,88971000,0.0,758000.0,0.0,700574000,18202000,0.0,221944000,0.25314659631521735,176167000,0.1810375013829626,758000.0,158723000,0.1810375013829626,37183000,121540000,0.13862702896294343,2.26,2.23,53719000,54296000,https://www.sec.gov/Archives/edgar/data/1524741/000162828015001017/slca-20141231x10xk.htm,https://www.sec.gov/Archives/edgar/data/1524741/000162828015001017/slca-20141231x10xk.htm
0,2013-12-31,SLCA,2014-02-26,2014-02-26 16:04:10,FY,545985000,348567000,197418000,0.3615813621253331,0.0,49759000,0.0,597000.0,0.0,434744000,15341000,0.0,148256000,0.271538595382657,111241000,0.1758601426779124,117000.0,96017000,0.1758601426779124,20761000,75256000,0.13783528851525226,1.42,1.41,52997183,53373050,https://www.sec.gov/Archives/edgar/data/1524741/000119312514069687/d639815d10k.htm,https://www.sec.gov/Archives/edgar/data/1524741/000119312514069687/d639815d10k.htm
0,2012-12-31,SLCA,2013-02-26 00:00:00,2013-02-26 16:04:50,FY,441921000,256535000,185386000,0.41950031793012776,0.0,41299000,0.0,4612000.0,0.0,322933000,13795000,0.0,148699000,0.33648321758866406,118988000,0.24847201196593963,4612000.0,109805000,0.24847201196593963,30651000,79154000,0.17911346145578055,1.5,1.5,52662000,52711000,https://www.sec.gov/Archives/edgar/data/1524741/000119312513076838/0001193125-13-076838-index.html,https://www.sec.gov/Archives/edgar/data/1524741/000119312513076838/d447778d10k.htm
