,date,symbol,fillingDate,acceptedDate,period,revenue,costOfRevenue,grossProfit,grossProfitRatio,researchAndDevelopmentExpenses,generalAndAdministrativeExpenses,sellingAndMarketingExpenses,otherExpenses,operatingExpenses,costAndExpenses,interestExpense,depreciationAndAmortization,ebitda,ebitdaratio,operatingIncome,operatingIncomeRatio,totalOtherIncomeExpensesNet,incomeBeforeTax,incomeBeforeTaxRatio,incomeTaxExpense,netIncome,netIncomeRatio,eps,epsdiluted,weightedAverageShsOut,weightedAverageShsOutDil,link,finalLink
0,2019-12-31,WES,2020-02-27,2020-02-27 16:18:09,FY,2746174000,444247000,2301927000,0.838230570968919,0.0,817162000,0.0,1636352000,1070583999.9999998,1514830999.9999998,303286000,483255000,1497254000,0.545215,1231343000,0.448385,-136209000,821172000,0.299024,13472000,697241000,0.253895,1.67689,1.67689,415794000,415794000,https://www.sec.gov/Archives/edgar/data/1423902/000142390220000019/0001423902-20-000019-index.htm,https://www.sec.gov/Archives/edgar/data/1423902/000142390220000019/wes201910-k.htm
0,2018-12-31,WES,2019-02-20,2019-02-20 16:13:44,FY,2299658000,415505000,1884153000,0.8193187856629116,0.0,599904000,0.0,1455513000,1022871000,1438376000,186043000,389164000,1129724000,0.491257,861282000,0.374526,-13873000,689588000,0.299865,2946000.0,551571000,0.239849,2.51933,2.51933,218936000,218936000,https://www.sec.gov/Archives/edgar/data/1423902/000142390219000026/0001423902-19-000026-index.htm,https://www.sec.gov/Archives/edgar/data/1423902/000142390219000026/wgp201810-k.htm
0,2017-12-31,WES,2018-02-16,2018-02-16 11:18:54,FY,2429614000,953792000,1475822000,0.6074306453617735,0.0,452713000,0.0,1740753000,674123999.9999999,1627916000,144615000,318771000,1009042000,0.41531,801698000,0.329969,-6586000.0,677462000,0.278835,4866000.0,540790000,0.222583,2.47014,2.47014,218931000,218931000,https://www.sec.gov/Archives/edgar/data/1423902/000142390218000007/0001423902-18-000007-index.htm,https://www.sec.gov/Archives/edgar/data/1423902/000142390218000007/wgp201710-k.htm
0,2016-12-31,WES,2017-02-23,2017-02-23 12:14:40,FY,1804270000,494194000,1310076000,0.7260975352912813,0.0,397419000,0.0,1130833000,605540999.9999999,1099735000,116628000,272933000,743705000,0.412192,704535000,0.390482,-5853000.0,605352000,0.335511,8372000.0,345772000,0.191641,1.57943,1.57943,218922000,218922000,https://www.sec.gov/Archives/edgar/data/1423902/000142390217000012/0001423902-17-000012-index.htm,https://www.sec.gov/Archives/edgar/data/1423902/000142390217000012/wgp12311610-k.htm
0,2015-12-31,WES,2016-02-25,2016-02-25 13:54:57,FY,1752072000,528369000,1223703000,0.6984319137569689,0.0,409727000,0.0,1614040000,1069521000.0000002,1597890000.0000002,113874000,272611000,555372000,0.31698,154182000,0.088,-6312000.0,56630000,0.032322,3380000.0,165507000,0.094464,0.75604,0.75604,218913000,218913000,https://www.sec.gov/Archives/edgar/data/1423902/000142390216000042/0001423902-16-000042-index.htm,https://www.sec.gov/Archives/edgar/data/1423902/000142390216000042/wgp12311510-k.htm
0,2014-12-31,WES,2015-02-26,2015-02-26 14:57:53,FY,1382868000,454445000,928423000,0.6713749974690282,0.0,321383000,0.0,845804000,453145000.00000006,907590000,76769000,211809000,529825000,0.383135,475278000,0.34369,-4165000.0,416347000,0.301075,2027000.0,239220000,0.172988,1.09278,1.09278,218910000,218910000,https://www.sec.gov/Archives/edgar/data/1423902/000142390215000006/0001423902-15-000006-index.htm,https://www.sec.gov/Archives/edgar/data/1423902/000142390215000006/wgp12311410-k.htm
0,2013-12-31,WES,2014-02-28,2014-02-28 16:49:19,FY,1085500000,373200000,712300000,0.6561953017042838,0.0,260600000,0.0,702102000,388700000,761900000,51797000,149800000,367977000,0.338993,323500000,0.298019,-2500000.0,290600000,0.267711,2580000.0,163800000,0.150898,0.74829,0.74829,218896000,218896000,https://www.sec.gov/Archives/edgar/data/1423902/000142390214000009/0001423902-14-000009-index.htm,https://www.sec.gov/Archives/edgar/data/1423902/000142390214000009/wgp12311310k.htm
