,date,symbol,fillingDate,acceptedDate,period,revenue,costOfRevenue,grossProfit,grossProfitRatio,researchAndDevelopmentExpenses,generalAndAdministrativeExpenses,sellingAndMarketingExpenses,otherExpenses,operatingExpenses,costAndExpenses,interestExpense,depreciationAndAmortization,ebitda,ebitdaratio,operatingIncome,operatingIncomeRatio,totalOtherIncomeExpensesNet,incomeBeforeTax,incomeBeforeTaxRatio,incomeTaxExpense,netIncome,netIncomeRatio,eps,epsdiluted,weightedAverageShsOut,weightedAverageShsOutDil,link,finalLink
0,2019-12-31,TOT.TO,2019-12-31,2019-12-31,FY,757398000,685776000,71622000,0.09456322831589205,0.0,50892000,4980000.0,0.0,3928000.0,740596000,13093000,0.0,105397000,0.13915669172614661,16802000,0.008319272033990055,2437000.0,6301000.0,0.008319272033990055,-3790000.0,10527000,0.013898901238186528,0.23,0.23,45553000,45553000,https://www.sedar.com/ModifyCompanyDocumentSearchForm.do?lang=EN&company_search=Total Energy Services Inc&document_selection=0&industry_group=A&FromDate=13&FromMonth=05&FromYear=2000&ToDate=13&ToMonth=11&ToYear=2020&Variable=Issuer,https://www.sedar.com/ModifyCompanyDocumentSearchForm.do?lang=EN&company_search=Total Energy Services Inc&document_selection=0&industry_group=A&FromDate=13&FromMonth=05&FromYear=2000&ToDate=13&ToMonth=11&ToYear=2020&Variable=Issuer
0,2018-12-31,TOT.TO,2018-12-31,2018-12-31,FY,851809000,756554000,95255000,0.11182671232635485,0.0,58697000,5024000.0,0.0,0.0,815251000,14033000,0.0,112313000,0.1318523283975633,36558000,0.02980480365903624,2608000.0,25388000,0.02980480365903624,1173000.0,24458000,0.028713009606613688,0.53,0.53,46122000,46122000,https://www.sedar.com/ModifyCompanyDocumentSearchForm.do?lang=EN&company_search=Total Energy Services Inc&document_selection=0&industry_group=A&FromDate=13&FromMonth=05&FromYear=2000&ToDate=13&ToMonth=11&ToYear=2020&Variable=Issuer,https://www.sedar.com/ModifyCompanyDocumentSearchForm.do?lang=EN&company_search=Total Energy Services Inc&document_selection=0&industry_group=A&FromDate=13&FromMonth=05&FromYear=2000&ToDate=13&ToMonth=11&ToYear=2020&Variable=Issuer
0,2017-12-31,TOT.TO,2017-12-31,2017-12-31,FY,604662000,551170000,53492000,0.08846595287945994,0.0,50287000,0.0,0.0,0.0,601457000,14198000,0.0,69986000,0.1157440024344179,3205000.0,-0.01550452980342737,1618000.0,-9375000.0,-0.01550452980342737,-5672000.0,-1916000.0,-0.0031687124376924627,-0.05,-0.05,41963000,41963000,https://www.sedar.com/ModifyCompanyDocumentSearchForm.do?lang=EN&company_search=Total Energy Services Inc&document_selection=0&industry_group=A&FromDate=13&FromMonth=05&FromYear=2000&ToDate=13&ToMonth=11&ToYear=2020&Variable=Issuer,https://www.sedar.com/ModifyCompanyDocumentSearchForm.do?lang=EN&company_search=Total Energy Services Inc&document_selection=0&industry_group=A&FromDate=13&FromMonth=05&FromYear=2000&ToDate=13&ToMonth=11&ToYear=2020&Variable=Issuer
0,2016-12-31,TOT.TO,2016-12-31,2016-12-31,FY,197800000,188675000,9125000.0,0.0461324570273003,0.0,24235000,0.0,0.0,0.0,212910000,2426000.0,0.0,13108000,0.06626895854398382,-15110000,-0.08074823053589485,1480000.0,-15972000,-0.08074823053589485,-4058000.0,-11914000,-0.06023255813953488,-0.38,-0.38,30967000,30967000,https://www.sedar.com/ModifyCompanyDocumentSearchForm.do?lang=EN&company_search=Total Energy Services Inc&document_selection=0&industry_group=A&FromDate=13&FromMonth=05&FromYear=2000&ToDate=13&ToMonth=11&ToYear=2020&Variable=Issuer,https://www.sedar.com/ModifyCompanyDocumentSearchForm.do?lang=EN&company_search=Total Energy Services Inc&document_selection=0&industry_group=A&FromDate=13&FromMonth=05&FromYear=2000&ToDate=13&ToMonth=11&ToYear=2020&Variable=Issuer
0,2015-12-31,TOT.TO,2015-12-31,2015-12-31,FY,283193000,234038000,49155000,0.17357420557711525,0.0,29350000,0.0,0.0,0.0,263388000,4618000.0,0.0,47359000,0.16723224090990949,19805000,0.058440710045799156,1297000.0,16550000,0.058440710045799156,7895000.0,8655000.0,0.03056219609947986,0.28,0.28,31000000,31022000,https://www.sedar.com/ModifyCompanyDocumentSearchForm.do?lang=EN&company_search=Total Energy Services Inc&document_selection=0&industry_group=A&FromDate=13&FromMonth=05&FromYear=2000&ToDate=13&ToMonth=11&ToYear=2020&Variable=Issuer,https://www.sedar.com/ModifyCompanyDocumentSearchForm.do?lang=EN&company_search=Total Energy Services Inc&document_selection=0&industry_group=A&FromDate=13&FromMonth=05&FromYear=2000&ToDate=13&ToMonth=11&ToYear=2020&Variable=Issuer
0,2014-12-31,TOT.TO,2014-12-31,2014-12-31,FY,428149000,324036000,104113000,0.24317001791432422,0.0,33893000,0.0,0.0,0.0,357929000,6505000.0,0.0,100378000,0.23444641935400995,70220000,0.16439370406096943,6069000.0,70385000,0.16439370406096943,17080000,53305000,0.12450104986815337,1.71,1.66,31216000,34695000,https://www.sedar.com/ModifyCompanyDocumentSearchForm.do?lang=EN&company_search=Total Energy Services Inc&document_selection=0&industry_group=A&FromDate=13&FromMonth=05&FromYear=2000&ToDate=13&ToMonth=11&ToYear=2020&Variable=Issuer,https://www.sedar.com/ModifyCompanyDocumentSearchForm.do?lang=EN&company_search=Total Energy Services Inc&document_selection=0&industry_group=A&FromDate=13&FromMonth=05&FromYear=2000&ToDate=13&ToMonth=11&ToYear=2020&Variable=Issuer
0,2013-12-31,TOT.TO,2013-12-31,2013-12-31,FY,339579000,252147000,87432000,0.2574717517867713,0.0,32652000,0.0,0.0,0.0,284799000,5890000.0,0.0,82279000,0.24229707961917551,54780000,0.1477800452913755,983000.0,50183000,0.1477800452913755,12875000,37308000,0.10986545104379246,1.21,1.2,30834000,30996000,https://www.sedar.com/ModifyCompanyDocumentSearchForm.do?lang=EN&company_search=Total Energy Services Inc&document_selection=0&industry_group=A&FromDate=13&FromMonth=05&FromYear=2000&ToDate=13&ToMonth=11&ToYear=2020&Variable=Issuer,https://www.sedar.com/ModifyCompanyDocumentSearchForm.do?lang=EN&company_search=Total Energy Services Inc&document_selection=0&industry_group=A&FromDate=13&FromMonth=05&FromYear=2000&ToDate=13&ToMonth=11&ToYear=2020&Variable=Issuer
0,2012-12-31,TOT.TO,2012-12-31,2012-12-31,FY,307702000,211013000,96689000,0.31422935177541905,0.0,31468000,0.0,0.0,0.0,242481000,5797000.0,0.0,89801000,0.2918440569122073,65221000,0.20297235637077432,2153000.0,62455000,0.20297235637077432,14763000,47692000,0.15499411768529292,1.54,1.49,30994000,34704000,https://www.sedar.com/ModifyCompanyDocumentSearchForm.do?lang=EN&company_search=Total Energy Services Inc&document_selection=0&industry_group=A&FromDate=13&FromMonth=05&FromYear=2000&ToDate=13&ToMonth=11&ToYear=2020&Variable=Issuer,https://www.sedar.com/ModifyCompanyDocumentSearchForm.do?lang=EN&company_search=Total Energy Services Inc&document_selection=0&industry_group=A&FromDate=13&FromMonth=05&FromYear=2000&ToDate=13&ToMonth=11&ToYear=2020&Variable=Issuer
0,2011-12-31,TOT.TO,2011-12-31,2011-12-31,FY,332082000,182231000,149851000,0.45124698116730205,0.0,30319000,0.0,0.0,0.0,235849000,5280000.0,23299000,119532000,0.35994724194626626,96233000,0.2814214561463735,2502000.0,93455000,0.2814214561463735,24189000,69266000,0.20858101312326474,2.2,2.08,31441000,34942000,https://www.sedar.com/ModifyCompanyDocumentSearchForm.do?lang=EN&company_search=Total Energy Services Inc&document_selection=0&industry_group=A&FromDate=13&FromMonth=05&FromYear=2000&ToDate=13&ToMonth=11&ToYear=2020&Variable=Issuer,https://www.sedar.com/ModifyCompanyDocumentSearchForm.do?lang=EN&company_search=Total Energy Services Inc&document_selection=0&industry_group=A&FromDate=13&FromMonth=05&FromYear=2000&ToDate=13&ToMonth=11&ToYear=2020&Variable=Issuer
0,2010-12-31,TOT.TO,2010-12-31,2010-12-31,FY,221640000,126902000,94738000,0.4274408951452806,0.0,26987000,0.0,0.0,0.0,174266000,3332000.0,20377000,67751000,0.3056803826024183,47374000,0.19813210611802923,-128000.0,43914000,0.19813210611802923,3959000.0,39955000,0.18026980689406244,1.3,1.27,30771000,31442000,https://www.sedar.com/ModifyCompanyDocumentSearchForm.do?lang=EN&company_search=Total Energy Services Inc&document_selection=0&industry_group=A&FromDate=13&FromMonth=05&FromYear=2000&ToDate=13&ToMonth=11&ToYear=2020&Variable=Issuer,https://www.sedar.com/ModifyCompanyDocumentSearchForm.do?lang=EN&company_search=Total Energy Services Inc&document_selection=0&industry_group=A&FromDate=13&FromMonth=05&FromYear=2000&ToDate=13&ToMonth=11&ToYear=2020&Variable=Issuer
0,2009-12-31,TOT.TO,2009-12-31,2009-12-31,FY,106509000,65492000,41017000,0.38510360626801493,0.0,15262000,0.0,-890000.0,1283000.0,95248000,1520000.0,13211000,23582000,0.2214085194678384,11261000,0.08757006450159141,-414000.0,9327000.0,0.08757006450159141,-2313000.0,11640000,0.10928653916570431,0.4,0.4,29099000,29099000,https://www.sedar.com/ModifyCompanyDocumentSearchForm.do?lang=EN&company_search=Total Energy Services Inc&document_selection=0&industry_group=A&FromDate=13&FromMonth=05&FromYear=2000&ToDate=13&ToMonth=11&ToYear=2020&Variable=Issuer,https://www.sedar.com/ModifyCompanyDocumentSearchForm.do?lang=EN&company_search=Total Energy Services Inc&document_selection=0&industry_group=A&FromDate=13&FromMonth=05&FromYear=2000&ToDate=13&ToMonth=11&ToYear=2020&Variable=Issuer
0,2008-12-31,TOT.TO,2008-12-31,2008-12-31,FY,154482000,89786000,64696000,0.4187931280019679,0.0,17491000,0.0,0.0,0.0,121166000,2510000.0,13889000,47097000,0.30487047034605974,33316000,0.1987157079789231,0.0,30698000,0.1987157079789231,5365000.0,25333000,0.1639867427920405,0.86,0.86,29409000,29409000,https://www.sedar.com/ModifyCompanyDocumentSearchForm.do?lang=EN&company_search=Total Energy Services Inc&document_selection=0&industry_group=A&FromDate=13&FromMonth=05&FromYear=2000&ToDate=13&ToMonth=11&ToYear=2020&Variable=Issuer,https://www.sedar.com/ModifyCompanyDocumentSearchForm.do?lang=EN&company_search=Total Energy Services Inc&document_selection=0&industry_group=A&FromDate=13&FromMonth=05&FromYear=2000&ToDate=13&ToMonth=11&ToYear=2020&Variable=Issuer
0,2007-12-31,TOT.TO,2007-12-31,2007-12-31,FY,135584000,81507000,54077000,0.39884499645975924,0.0,15001000,0.0,0.0,2384000.0,110147000,0.0,11255000,36692000,0.2706219022893557,25437000,0.19208018645267877,606000.0,26043000,0.19208018645267877,-4815000.0,30858000,0.22759322633939108,1.04,1.04,29671154,29671154,https://www.sedar.com/ModifyCompanyDocumentSearchForm.do?lang=EN&company_search=Total Energy Services Inc&document_selection=0&industry_group=A&FromDate=13&FromMonth=05&FromYear=2000&ToDate=13&ToMonth=11&ToYear=2020&Variable=Issuer,https://www.sedar.com/ModifyCompanyDocumentSearchForm.do?lang=EN&company_search=Total Energy Services Inc&document_selection=0&industry_group=A&FromDate=13&FromMonth=05&FromYear=2000&ToDate=13&ToMonth=11&ToYear=2020&Variable=Issuer
0,2006-12-31,TOT.TO,2006-12-31,2006-12-31,FY,202666000,113456000,89210000,0.4401823690209507,0.0,17855000,0.0,0.0,1604000.0,143646000,0.0,10731000,69751000,0.3441672505501663,59020000,0.2957476833805374,918000.0,59938000,0.2957476833805374,5361000.0,54577000,0.2692952937345189,1.83,1.82,29823497,29987363,https://www.sedar.com/ModifyCompanyDocumentSearchForm.do?lang=EN&company_search=Total Energy Services Inc&document_selection=0&industry_group=A&FromDate=13&FromMonth=05&FromYear=2000&ToDate=13&ToMonth=11&ToYear=2020&Variable=Issuer,https://www.sedar.com/ModifyCompanyDocumentSearchForm.do?lang=EN&company_search=Total Energy Services Inc&document_selection=0&industry_group=A&FromDate=13&FromMonth=05&FromYear=2000&ToDate=13&ToMonth=11&ToYear=2020&Variable=Issuer
0,2005-12-31,TOT.TO,2005-12-31,2005-12-31,FY,157542000,88788000,68754000,0.43641695547853904,0.0,18283000,0.0,0.0,1491000.0,117629000,0.0,9067000.0,48980000,0.3109012199921291,39913000,0.25354508638966117,875000.0,39944000,0.25354508638966117,8174000.0,31770000,0.20166050957839815,1.12,1.12,28366071,28366071,https://www.sedar.com/ModifyCompanyDocumentSearchForm.do?lang=EN&company_search=Total Energy Services Inc&document_selection=0&industry_group=A&FromDate=13&FromMonth=05&FromYear=2000&ToDate=13&ToMonth=11&ToYear=2020&Variable=Issuer,https://www.sedar.com/ModifyCompanyDocumentSearchForm.do?lang=EN&company_search=Total Energy Services Inc&document_selection=0&industry_group=A&FromDate=13&FromMonth=05&FromYear=2000&ToDate=13&ToMonth=11&ToYear=2020&Variable=Issuer
0,2004-12-31,TOT.TO,2004-12-31,2004-12-31,FY,106291000,64853000,41438000,0.3898542680001129,0.0,11390000,0.0,0.0,1060000.0,83536000,0.0,6233000.0,28988000,0.2727229963026032,22755000,0.21472184851022194,68000.0,22823000,0.21472184851022194,6850000.0,15973000,0.1502761287409094,0.58,0.57,27539655,28022807,https://www.sedar.com/ModifyCompanyDocumentSearchForm.do?lang=EN&company_search=Total Energy Services Inc&document_selection=0&industry_group=A&FromDate=13&FromMonth=05&FromYear=2000&ToDate=13&ToMonth=11&ToYear=2020&Variable=Issuer,https://www.sedar.com/ModifyCompanyDocumentSearchForm.do?lang=EN&company_search=Total Energy Services Inc&document_selection=0&industry_group=A&FromDate=13&FromMonth=05&FromYear=2000&ToDate=13&ToMonth=11&ToYear=2020&Variable=Issuer
0,2003-12-31,TOT.TO,2003-12-31,2003-12-31,FY,79933000,48051000,31882000,0.39885904444972664,0.0,9470000.0,0.0,0.0,1456000.0,64232000,0.0,5255000.0,20956000,0.2621695670123729,15701000,0.2005304442470569,328000.0,16029000,0.2005304442470569,4524000.0,11505000,0.1439330439242866,0.45,0.44,25566667,26147727,https://www.sedar.com/ModifyCompanyDocumentSearchForm.do?lang=EN&company_search=Total Energy Services Inc&document_selection=0&industry_group=A&FromDate=13&FromMonth=05&FromYear=2000&ToDate=13&ToMonth=11&ToYear=2020&Variable=Issuer,https://www.sedar.com/ModifyCompanyDocumentSearchForm.do?lang=EN&company_search=Total Energy Services Inc&document_selection=0&industry_group=A&FromDate=13&FromMonth=05&FromYear=2000&ToDate=13&ToMonth=11&ToYear=2020&Variable=Issuer
0,2002-12-31,TOT.TO,2002-12-31,2002-12-31,FY,45360000,28098000,17262000,0.38055555555555554,0.0,7378000.0,0.0,0.0,1163000.0,40679000,0.0,4040000.0,8721000.0,0.19226190476190477,4681000.0,0.1031305114638448,-3000.0,4678000.0,0.1031305114638448,1054000.0,3624000.0,0.07989417989417989,0.15,0.15,24160000,24160000,https://www.sedar.com/ModifyCompanyDocumentSearchForm.do?lang=EN&company_search=Total Energy Services Inc&document_selection=0&industry_group=A&FromDate=13&FromMonth=05&FromYear=2000&ToDate=13&ToMonth=11&ToYear=2020&Variable=Issuer,https://www.sedar.com/ModifyCompanyDocumentSearchForm.do?lang=EN&company_search=Total Energy Services Inc&document_selection=0&industry_group=A&FromDate=13&FromMonth=05&FromYear=2000&ToDate=13&ToMonth=11&ToYear=2020&Variable=Issuer
0,2001-12-31,TOT.TO,2001-12-31,2001-12-31,FY,58571000,33444000,25127000,0.42900070000512197,0.0,7970000.0,0.0,0.0,912000.0,46606000,0.0,4280000.0,16250000,0.27744105444673983,11965000,0.20446978880333272,11000.0,11976000,0.20446978880333272,4198000.0,7363000.0,0.12571067593177512,0.32,0.31,22523000,22523000,https://www.sedar.com/ModifyCompanyDocumentSearchForm.do?lang=EN&company_search=Total Energy Services Inc&document_selection=0&industry_group=A&FromDate=13&FromMonth=05&FromYear=2000&ToDate=13&ToMonth=11&ToYear=2020&Variable=Issuer,https://www.sedar.com/ModifyCompanyDocumentSearchForm.do?lang=EN&company_search=Total Energy Services Inc&document_selection=0&industry_group=A&FromDate=13&FromMonth=05&FromYear=2000&ToDate=13&ToMonth=11&ToYear=2020&Variable=Issuer
0,2000-12-31,TOT.TO,2000-12-31,2000-12-31,FY,45793000,26559000,19234000,0.4200205271548053,0.0,6345000.0,0.0,0.0,0.0,36472000,0.0,3568000.0,12889000,0.2814622322188981,9321000.0,0.16782040923285219,217000.0,7685000.0,0.16782040923285219,2731000.0,4954000.0,0.10818247330378006,0.26,0.25,23511000,23511000,https://www.sedar.com/ModifyCompanyDocumentSearchForm.do?lang=EN&company_search=Total Energy Services Inc&document_selection=0&industry_group=A&FromDate=13&FromMonth=05&FromYear=2000&ToDate=13&ToMonth=11&ToYear=2020&Variable=Issuer,https://www.sedar.com/ModifyCompanyDocumentSearchForm.do?lang=EN&company_search=Total Energy Services Inc&document_selection=0&industry_group=A&FromDate=13&FromMonth=05&FromYear=2000&ToDate=13&ToMonth=11&ToYear=2020&Variable=Issuer
0,1999-12-31,TOT.TO,1999-12-31,1999-12-31,FY,22000000,12900000,9100000.0,0.41363636363636364,0.0,5000000.0,0.0,0.0,0.0,20800000,0.0,2900000.0,4100000.0,0.18636363636363637,1200000.0,0.0,0.0,0.0,0.0,200000.0,-200000.0,-0.00909090909090909,-0.01,-0.01,20000000,20000000,https://www.sedar.com/ModifyCompanyDocumentSearchForm.do?lang=EN&company_search=Total Energy Services Inc&document_selection=0&industry_group=A&FromDate=13&FromMonth=05&FromYear=2000&ToDate=13&ToMonth=11&ToYear=2020&Variable=Issuer,https://www.sedar.com/ModifyCompanyDocumentSearchForm.do?lang=EN&company_search=Total Energy Services Inc&document_selection=0&industry_group=A&FromDate=13&FromMonth=05&FromYear=2000&ToDate=13&ToMonth=11&ToYear=2020&Variable=Issuer
0,1998-12-31,TOT.TO,1998-12-31,1998-12-31,FY,21700000,12200000,9500000.0,0.4377880184331797,0.0,4100000.0,0.0,0.0,0.0,19000000,0.0,2700000.0,5400000.0,0.2488479262672811,2700000.0,0.055299539170506916,-300000.0,1200000.0,0.055299539170506916,700000.0,500000.0,0.02304147465437788,0.03,0.03,16666667,16666667,https://www.sedar.com/ModifyCompanyDocumentSearchForm.do?lang=EN&company_search=Total Energy Services Inc&document_selection=0&industry_group=A&FromDate=13&FromMonth=05&FromYear=2000&ToDate=13&ToMonth=11&ToYear=2020&Variable=Issuer,https://www.sedar.com/ModifyCompanyDocumentSearchForm.do?lang=EN&company_search=Total Energy Services Inc&document_selection=0&industry_group=A&FromDate=13&FromMonth=05&FromYear=2000&ToDate=13&ToMonth=11&ToYear=2020&Variable=Issuer
