,date,symbol,fillingDate,acceptedDate,period,revenue,costOfRevenue,grossProfit,grossProfitRatio,researchAndDevelopmentExpenses,generalAndAdministrativeExpenses,sellingAndMarketingExpenses,otherExpenses,operatingExpenses,costAndExpenses,interestExpense,depreciationAndAmortization,ebitda,ebitdaratio,operatingIncome,operatingIncomeRatio,totalOtherIncomeExpensesNet,incomeBeforeTax,incomeBeforeTaxRatio,incomeTaxExpense,netIncome,netIncomeRatio,eps,epsdiluted,weightedAverageShsOut,weightedAverageShsOutDil,link,finalLink
0,2019-12-31,BRY.TO,2019-12-31,2019-12-31,FY,91726026,76798827,14927199,0.16273678966534535,0.0,13433410,0.0,0.0,0.0,90354478,2662585.0,1480545.0,2852093.0,0.031093606955129617,1371548.0,-0.03969001120794222,-2349570.0,-3640607.0,-0.03969001120794222,15218.0,-3655825.0,-0.03985591831919111,-0.15,-0.15,23923981,23923981,https://www.sedar.com/ModifyCompanyDocumentSearchForm.do?lang=EN&company_search=Bri-Chem Corp&document_selection=0&industry_group=A&FromDate=13&FromMonth=05&FromYear=2000&ToDate=13&ToMonth=11&ToYear=2020&Variable=Issuer,https://www.sedar.com/ModifyCompanyDocumentSearchForm.do?lang=EN&company_search=Bri-Chem Corp&document_selection=0&industry_group=A&FromDate=13&FromMonth=05&FromYear=2000&ToDate=13&ToMonth=11&ToYear=2020&Variable=Issuer
0,2018-12-31,BRY.TO,2018-12-31,2018-12-31,FY,121436493,106017131,15419362,0.1269746977953324,0.0,16274039,0.0,0.0,0.0,122793654,2880849.0,1066033.0,-291128.0,-0.002397368310035106,-1357161.0,-0.05879326571132123,-2901638.0,-7139648.0,-0.05879326571132123,2215768.0,-9355416.0,-0.0770395765628706,-0.39,-0.39,23923981,23923981,https://www.sedar.com/ModifyCompanyDocumentSearchForm.do?lang=EN&company_search=Bri-Chem Corp&document_selection=0&industry_group=A&FromDate=13&FromMonth=05&FromYear=2000&ToDate=13&ToMonth=11&ToYear=2020&Variable=Issuer,https://www.sedar.com/ModifyCompanyDocumentSearchForm.do?lang=EN&company_search=Bri-Chem Corp&document_selection=0&industry_group=A&FromDate=13&FromMonth=05&FromYear=2000&ToDate=13&ToMonth=11&ToYear=2020&Variable=Issuer
0,2017-12-31,BRY.TO,2017-12-31,2017-12-31,FY,116209916,96455185,19754731,0.16999178452207125,0.0,14552757,0.0,0.0,0.0,111422363,3300974.0,954453.0,5742006.0,0.049410637212748694,4787553.0,0.018561238784476877,670421.0,2157000.0,0.018561238784476877,448972.0,1708028.0,0.014697781900126319,0.07,0.07,23683666,23713666,https://www.sedar.com/ModifyCompanyDocumentSearchForm.do?lang=EN&company_search=Bri-Chem Corp&document_selection=0&industry_group=A&FromDate=13&FromMonth=05&FromYear=2000&ToDate=13&ToMonth=11&ToYear=2020&Variable=Issuer,https://www.sedar.com/ModifyCompanyDocumentSearchForm.do?lang=EN&company_search=Bri-Chem Corp&document_selection=0&industry_group=A&FromDate=13&FromMonth=05&FromYear=2000&ToDate=13&ToMonth=11&ToYear=2020&Variable=Issuer
0,2016-12-31,BRY.TO,2016-12-31,2016-12-31,FY,62091325,52138781,9952544.0,0.16028880040810853,0.0,12153520,0.0,0.0,0.0,64497624,2960239.0,1063916.0,-1342383.0,-0.021619493544388045,-2406299.0,-0.08925688089278172,-175540.0,-5542078.0,-0.08925688089278172,1250986.0,-6793064.0,-0.10940439747420433,-0.29,-0.29,23655900,23655900,https://www.sedar.com/ModifyCompanyDocumentSearchForm.do?lang=EN&company_search=Bri-Chem Corp&document_selection=0&industry_group=A&FromDate=13&FromMonth=05&FromYear=2000&ToDate=13&ToMonth=11&ToYear=2020&Variable=Issuer,https://www.sedar.com/ModifyCompanyDocumentSearchForm.do?lang=EN&company_search=Bri-Chem Corp&document_selection=0&industry_group=A&FromDate=13&FromMonth=05&FromYear=2000&ToDate=13&ToMonth=11&ToYear=2020&Variable=Issuer
0,2015-12-31,BRY.TO,2015-12-31,2015-12-31,FY,96822080,84952427,11869653,0.12259241900194666,0.0,14460905,0.0,0.0,0.0,100375976,3307832.0,1610928.0,-1942968.0,-0.02006740611232479,-3553896.0,-0.14793455170556138,-7461603.0,-14323331,-0.14793455170556138,34036.0,-14357367,-0.14828608309179064,-0.61,-0.61,23655900,23655900,https://www.sedar.com/ModifyCompanyDocumentSearchForm.do?lang=EN&company_search=Bri-Chem Corp&document_selection=0&industry_group=A&FromDate=13&FromMonth=05&FromYear=2000&ToDate=13&ToMonth=11&ToYear=2020&Variable=Issuer,https://www.sedar.com/ModifyCompanyDocumentSearchForm.do?lang=EN&company_search=Bri-Chem Corp&document_selection=0&industry_group=A&FromDate=13&FromMonth=05&FromYear=2000&ToDate=13&ToMonth=11&ToYear=2020&Variable=Issuer
0,2014-12-31,BRY.TO,2014-12-31,2014-12-31,FY,184707721,152957843,31749878,0.1718925328519429,0.0,18084912,0.0,0.0,0.0,173210245,3241958.0,2167490.0,13664966,0.07398156355358854,11497476,0.0097604528399763,-6452687.0,1802831.0,0.0097604528399763,691845.0,-8380012.0,-0.04536904009551393,-0.35,-0.35,24013533,24026765,https://www.sedar.com/ModifyCompanyDocumentSearchForm.do?lang=EN&company_search=Bri-Chem Corp&document_selection=0&industry_group=A&FromDate=13&FromMonth=05&FromYear=2000&ToDate=13&ToMonth=11&ToYear=2020&Variable=Issuer,https://www.sedar.com/ModifyCompanyDocumentSearchForm.do?lang=EN&company_search=Bri-Chem Corp&document_selection=0&industry_group=A&FromDate=13&FromMonth=05&FromYear=2000&ToDate=13&ToMonth=11&ToYear=2020&Variable=Issuer
0,2013-12-31,BRY.TO,2013-12-31,2013-12-31,FY,179947009,152090420,27856589,0.1548044013335059,0.0,19246715,0.0,0.0,0.0,173013380,3824807.0,1676245.0,9733201.0,0.05408926246726335,6933629.0,0.00035657719656790736,-3136597.0,64165.0,0.00035657719656790736,464958.0,109481.0,0.0006084068893859747,0.01,0.01,17613227,17635284,https://www.sedar.com/ModifyCompanyDocumentSearchForm.do?lang=EN&company_search=Bri-Chem Corp&document_selection=0&industry_group=A&FromDate=13&FromMonth=05&FromYear=2000&ToDate=13&ToMonth=11&ToYear=2020&Variable=Issuer,https://www.sedar.com/ModifyCompanyDocumentSearchForm.do?lang=EN&company_search=Bri-Chem Corp&document_selection=0&industry_group=A&FromDate=13&FromMonth=05&FromYear=2000&ToDate=13&ToMonth=11&ToYear=2020&Variable=Issuer
0,2012-12-31,BRY.TO,2012-12-31,2012-12-31,FY,160068060,134685523,25382537,0.15857340308866116,0.0,16605521,0.0,0.0,0.0,152304141,2262607.0,1013097.0,9584016.0,0.05987463082891115,7763919.0,0.04050809386957023,982740.0,6484052.0,0.04050809386957023,1591532.0,5365835.0,0.03352220924024443,0.31,0.31,17282955,17400848,https://www.sedar.com/ModifyCompanyDocumentSearchForm.do?lang=EN&company_search=Bri-Chem Corp&document_selection=0&industry_group=A&FromDate=13&FromMonth=05&FromYear=2000&ToDate=13&ToMonth=11&ToYear=2020&Variable=Issuer,https://www.sedar.com/ModifyCompanyDocumentSearchForm.do?lang=EN&company_search=Bri-Chem Corp&document_selection=0&industry_group=A&FromDate=13&FromMonth=05&FromYear=2000&ToDate=13&ToMonth=11&ToYear=2020&Variable=Issuer
0,2011-12-31,BRY.TO,2011-12-31,2011-12-31,FY,185723319,154686351,31036968,0.1671140068307739,0.0,14663024,0.0,0.0,207780.0,171005174,1898073.0,1448019.0,16166164,0.08704434148088856,14718145,0.06902779935781785,0.0,12820072,0.06902779935781785,3357805.0,10097640,0.054369263129526564,0.64,0.61,15878345,16470219,https://www.sedar.com/ModifyCompanyDocumentSearchForm.do?lang=EN&company_search=Bri-Chem Corp&document_selection=0&industry_group=A&FromDate=13&FromMonth=05&FromYear=2000&ToDate=13&ToMonth=11&ToYear=2020&Variable=Issuer,https://www.sedar.com/ModifyCompanyDocumentSearchForm.do?lang=EN&company_search=Bri-Chem Corp&document_selection=0&industry_group=A&FromDate=13&FromMonth=05&FromYear=2000&ToDate=13&ToMonth=11&ToYear=2020&Variable=Issuer
0,2010-12-31,BRY.TO,2010-12-31,2010-12-31,FY,152495386,131877684,20617702,0.1352021365420197,0.0,10451916,0.0,0.0,-646365.0,142581872,1759580.0,898637.0,12429728,0.08150887922602458,9913514.0,0.06402417972173925,-8119.0,9763392.0,0.06402417972173925,2823246.0,6973587.0,0.04572982293379027,0.5,0.5,13874990,13949590,https://www.sedar.com/ModifyCompanyDocumentSearchForm.do?lang=EN&company_search=Bri-Chem Corp&document_selection=0&industry_group=A&FromDate=13&FromMonth=05&FromYear=2000&ToDate=13&ToMonth=11&ToYear=2020&Variable=Issuer,https://www.sedar.com/ModifyCompanyDocumentSearchForm.do?lang=EN&company_search=Bri-Chem Corp&document_selection=0&industry_group=A&FromDate=13&FromMonth=05&FromYear=2000&ToDate=13&ToMonth=11&ToYear=2020&Variable=Issuer
0,2009-12-31,BRY.TO,2009-12-31,2009-12-31,FY,96479615,83172710,13306905,0.1379245242634934,0.0,9734956.0,0.0,0.0,0.0,94434893,1831095.0,1527227.0,472397.0,0.004896340019598959,2044722.0,-0.1012655056718458,-6884132.0,-9770057.0,-0.1012655056718458,-1322719.0,-8447338.0,-0.08755567691682849,-0.58,-0.58,14485860,14485860,https://www.sedar.com/ModifyCompanyDocumentSearchForm.do?lang=EN&company_search=Bri-Chem Corp&document_selection=0&industry_group=A&FromDate=13&FromMonth=05&FromYear=2000&ToDate=13&ToMonth=11&ToYear=2020&Variable=Issuer,https://www.sedar.com/ModifyCompanyDocumentSearchForm.do?lang=EN&company_search=Bri-Chem Corp&document_selection=0&industry_group=A&FromDate=13&FromMonth=05&FromYear=2000&ToDate=13&ToMonth=11&ToYear=2020&Variable=Issuer
0,2008-12-31,BRY.TO,2008-12-31,2008-12-31,FY,111282825,92843778,18439047,0.1656953532586902,0.0,8699903.0,0.0,0.0,0.0,102895271,1904978.0,1351590.0,9739144.0,0.08751704497077605,8387554.0,0.05838293555182482,14442.0,6497018.0,0.05838293555182482,2010230.0,4486788.0,0.04031878234579325,0.33,0.33,13515723,13515723,https://www.sedar.com/ModifyCompanyDocumentSearchForm.do?lang=EN&company_search=Bri-Chem Corp&document_selection=0&industry_group=A&FromDate=13&FromMonth=05&FromYear=2000&ToDate=13&ToMonth=11&ToYear=2020&Variable=Issuer,https://www.sedar.com/ModifyCompanyDocumentSearchForm.do?lang=EN&company_search=Bri-Chem Corp&document_selection=0&industry_group=A&FromDate=13&FromMonth=05&FromYear=2000&ToDate=13&ToMonth=11&ToYear=2020&Variable=Issuer
0,2007-12-31,BRY.TO,2007-12-31,2007-12-31,FY,59518665,48622056,10896609,0.18307885433922283,0.0,5236643.0,0.0,0.0,0.0,54527104,0.0,668405.0,5682173.0,0.09546875757377958,4991561.0,0.05788733668673516,7874.0,3445377.0,0.05788733668673516,1044857.0,2400520.0,0.04033222183326861,0.19,0.19,12634316,12634316,https://www.sedar.com/ModifyCompanyDocumentSearchForm.do?lang=EN&company_search=Bri-Chem Corp&document_selection=0&industry_group=A&FromDate=13&FromMonth=05&FromYear=2000&ToDate=13&ToMonth=11&ToYear=2020&Variable=Issuer,https://www.sedar.com/ModifyCompanyDocumentSearchForm.do?lang=EN&company_search=Bri-Chem Corp&document_selection=0&industry_group=A&FromDate=13&FromMonth=05&FromYear=2000&ToDate=13&ToMonth=11&ToYear=2020&Variable=Issuer
0,2006-12-31,BRY.TO,2006-12-31,2006-12-31,FY,291558.0,0.0,0.0,0.0,482341.0,130915.0,0.0,-2252.0,0.0,655600.0,0.0,42344.0,-321791.0,-1.103694633657797,-364042.0,0.0,-2159.0,0.0,0.0,0.0,-365540.0,-1.253747110351971,-0.04,-0.04,8764696.0,8764696.0,https://www.sedar.com/ModifyCompanyDocumentSearchForm.do?lang=EN&company_search=Bri-Chem Corp&document_selection=0&industry_group=A&FromDate=13&FromMonth=05&FromYear=2000&ToDate=13&ToMonth=11&ToYear=2020&Variable=Issuer,https://www.sedar.com/ModifyCompanyDocumentSearchForm.do?lang=EN&company_search=Bri-Chem Corp&document_selection=0&industry_group=A&FromDate=13&FromMonth=05&FromYear=2000&ToDate=13&ToMonth=11&ToYear=2020&Variable=Issuer
0,2005-12-31,BRY.TO,2005-12-31,2005-12-31,FY,269771.0,0.0,0.0,0.0,267424.0,130686.0,0.0,0.0,0.0,423320.0,0.0,25210.0,-128339.0,-0.47573312179589355,-153549.0,0.0,-2114.0,0.0,0.0,0.0,-154230.0,-0.5717071145527133,-0.1,-0.1,1711852.0,1711852.0,https://www.sedar.com/ModifyCompanyDocumentSearchForm.do?lang=EN&company_search=Bri-Chem Corp&document_selection=0&industry_group=A&FromDate=13&FromMonth=05&FromYear=2000&ToDate=13&ToMonth=11&ToYear=2020&Variable=Issuer,https://www.sedar.com/ModifyCompanyDocumentSearchForm.do?lang=EN&company_search=Bri-Chem Corp&document_selection=0&industry_group=A&FromDate=13&FromMonth=05&FromYear=2000&ToDate=13&ToMonth=11&ToYear=2020&Variable=Issuer
0,2004-12-31,BRY.TO,2004-12-31,2004-12-31,FY,302885.0,0.0,0.0,0.0,0.0,454513.0,0.0,0.0,0.0,482691.0,0.0,28178.0,-151628.0,-0.5006124436667382,-179806.0,0.0,283418.0,0.0,0.0,0.0,107135.0,0.35371510639351567,0.05,0.05,1591518.0,1591518.0,https://www.sedar.com/ModifyCompanyDocumentSearchForm.do?lang=EN&company_search=Bri-Chem Corp&document_selection=0&industry_group=A&FromDate=13&FromMonth=05&FromYear=2000&ToDate=13&ToMonth=11&ToYear=2020&Variable=Issuer,https://www.sedar.com/ModifyCompanyDocumentSearchForm.do?lang=EN&company_search=Bri-Chem Corp&document_selection=0&industry_group=A&FromDate=13&FromMonth=05&FromYear=2000&ToDate=13&ToMonth=11&ToYear=2020&Variable=Issuer
0,2003-12-31,BRY.TO,2003-12-31,2003-12-31,FY,240588.0,0.0,0.0,0.0,0.0,661156.0,0.0,0.0,0.0,705390.0,0.0,44234.0,-420568.0,-1.7480838612067102,-464802.0,0.0,-4274.0,0.0,0.0,0.0,-458504.0,-1.9057642110163433,-0.3,-0.3,1499852.0,1499852.0,https://www.sedar.com/ModifyCompanyDocumentSearchForm.do?lang=EN&company_search=Bri-Chem Corp&document_selection=0&industry_group=A&FromDate=13&FromMonth=05&FromYear=2000&ToDate=13&ToMonth=11&ToYear=2020&Variable=Issuer,https://www.sedar.com/ModifyCompanyDocumentSearchForm.do?lang=EN&company_search=Bri-Chem Corp&document_selection=0&industry_group=A&FromDate=13&FromMonth=05&FromYear=2000&ToDate=13&ToMonth=11&ToYear=2020&Variable=Issuer
0,2002-12-31,BRY.TO,2002-12-31,2002-12-31,FY,226983.0,0.0,0.0,0.0,0.0,954435.0,0.0,0.0,0.0,1013562.0,0.0,59127.0,-727452.0,-3.204874373851786,-786579.0,0.0,0.0,0.0,0.0,0.0,-770640.0,-3.3951441297365883,-0.55,-0.55,1499852.0,1499852.0,https://www.sedar.com/ModifyCompanyDocumentSearchForm.do?lang=EN&company_search=Bri-Chem Corp&document_selection=0&industry_group=A&FromDate=13&FromMonth=05&FromYear=2000&ToDate=13&ToMonth=11&ToYear=2020&Variable=Issuer,https://www.sedar.com/ModifyCompanyDocumentSearchForm.do?lang=EN&company_search=Bri-Chem Corp&document_selection=0&industry_group=A&FromDate=13&FromMonth=05&FromYear=2000&ToDate=13&ToMonth=11&ToYear=2020&Variable=Issuer
0,2001-12-31,BRY.TO,2001-12-31,2001-12-31,FY,67226.0,0.0,0.0,0.0,0.0,990990.0,0.0,0.0,567943.0,1776021.0,0.0,217088.0,-1491707.0,-22.189435635022164,-1708795.0,0.0,-567943.0,0.0,0.0,0.0,-1634779.0,-24.3176598339928,-1.1,-1.1,1499852.0,1499852.0,https://www.sedar.com/ModifyCompanyDocumentSearchForm.do?lang=EN&company_search=Bri-Chem Corp&document_selection=0&industry_group=A&FromDate=13&FromMonth=05&FromYear=2000&ToDate=13&ToMonth=11&ToYear=2020&Variable=Issuer,https://www.sedar.com/ModifyCompanyDocumentSearchForm.do?lang=EN&company_search=Bri-Chem Corp&document_selection=0&industry_group=A&FromDate=13&FromMonth=05&FromYear=2000&ToDate=13&ToMonth=11&ToYear=2020&Variable=Issuer
0,2000-12-31,BRY.TO,2000-12-31,2000-12-31,FY,114972.0,0.0,0.0,0.0,0.0,986129.0,0.0,0.0,1.0,1101034.0,0.0,114904.0,-871158.0,-7.57713182340048,-986062.0,0.0,-1.0,0.0,0.0,0.0,-842827.0,-7.330715304595902,-0.65,-0.65,1308685.0,1308685.0,https://www.sedar.com/ModifyCompanyDocumentSearchForm.do?lang=EN&company_search=Bri-Chem Corp&document_selection=0&industry_group=A&FromDate=13&FromMonth=05&FromYear=2000&ToDate=13&ToMonth=11&ToYear=2020&Variable=Issuer,https://www.sedar.com/ModifyCompanyDocumentSearchForm.do?lang=EN&company_search=Bri-Chem Corp&document_selection=0&industry_group=A&FromDate=13&FromMonth=05&FromYear=2000&ToDate=13&ToMonth=11&ToYear=2020&Variable=Issuer
0,1999-12-31,BRY.TO,1999-12-31,1999-12-31,FY,30000.0,13730.0,16270.0,0.5423333333333333,0.0,76417.0,0.0,0.0,97566.0,235347.0,0.0,47634.0,-157713.0,-5.2571,-205347.0,0.0,-97566.0,0.0,0.0,0.0,-190625.0,-6.354166666666667,-0.25,-0.25,782500.0,782500.0,https://www.sedar.com/ModifyCompanyDocumentSearchForm.do?lang=EN&company_search=Bri-Chem Corp&document_selection=0&industry_group=A&FromDate=13&FromMonth=05&FromYear=2000&ToDate=13&ToMonth=11&ToYear=2020&Variable=Issuer,https://www.sedar.com/ModifyCompanyDocumentSearchForm.do?lang=EN&company_search=Bri-Chem Corp&document_selection=0&industry_group=A&FromDate=13&FromMonth=05&FromYear=2000&ToDate=13&ToMonth=11&ToYear=2020&Variable=Issuer
0,1998-12-31,BRY.TO,1998-12-31,1998-12-31,FY,100000.0,0.0,0.0,0.0,0.0,51757.0,0.0,0.0,0.0,89637.0,0.0,37880.0,48243.0,0.48243,10363.0,0.0,-100000.0,0.0,0.0,0.0,-77301.0,-0.77301,-0.1,-0.1,778459.0,778459.0,https://www.sedar.com/ModifyCompanyDocumentSearchForm.do?lang=EN&company_search=Bri-Chem Corp&document_selection=0&industry_group=A&FromDate=13&FromMonth=05&FromYear=2000&ToDate=13&ToMonth=11&ToYear=2020&Variable=Issuer,https://www.sedar.com/ModifyCompanyDocumentSearchForm.do?lang=EN&company_search=Bri-Chem Corp&document_selection=0&industry_group=A&FromDate=13&FromMonth=05&FromYear=2000&ToDate=13&ToMonth=11&ToYear=2020&Variable=Issuer
