,date,symbol,fillingDate,acceptedDate,period,revenue,costOfRevenue,grossProfit,grossProfitRatio,researchAndDevelopmentExpenses,generalAndAdministrativeExpenses,sellingAndMarketingExpenses,otherExpenses,operatingExpenses,costAndExpenses,interestExpense,depreciationAndAmortization,ebitda,ebitdaratio,operatingIncome,operatingIncomeRatio,totalOtherIncomeExpensesNet,incomeBeforeTax,incomeBeforeTaxRatio,incomeTaxExpense,netIncome,netIncomeRatio,eps,epsdiluted,weightedAverageShsOut,weightedAverageShsOutDil,link,finalLink
0,2019-12-31,NVA.TO,2019-12-31,2019-12-31,FY,561095000,247143000,313952000,0.5595344816831375,0.0,79385000,0.0,0.0,184013000,510541000,33018000,0.0,270028000,0.4812518379240592,50554000,-0.18369616553346582,-120607000,-103071000,-0.18369616553346582,-39238000,-63833000,-0.1137650486994181,-0.28,-0.28,225429000,225429000,https://www.sedar.com/ModifyCompanyDocumentSearchForm.do?lang=EN&company_search=Nuvista Energy Ltd&document_selection=0&industry_group=A&FromDate=13&FromMonth=05&FromYear=2000&ToDate=13&ToMonth=11&ToYear=2020&Variable=Issuer,https://www.sedar.com/ModifyCompanyDocumentSearchForm.do?lang=EN&company_search=Nuvista Energy Ltd&document_selection=0&industry_group=A&FromDate=13&FromMonth=05&FromYear=2000&ToDate=13&ToMonth=11&ToYear=2020&Variable=Issuer
0,2018-12-31,NVA.TO,2018-12-31,2018-12-31,FY,555849000,172353000,383496000,0.689928379829774,0.0,67681000,45099000,0.0,148089000,388123000,28293000,0.0,323806000,0.5825431007341922,167726000,0.3449192136713388,52290000,191723000,0.3449192136713388,55478000,136245000,0.24511153208875072,0.71,0.71,190568000,191240000,https://www.sedar.com/ModifyCompanyDocumentSearchForm.do?lang=EN&company_search=Nuvista Energy Ltd&document_selection=0&industry_group=A&FromDate=13&FromMonth=05&FromYear=2000&ToDate=13&ToMonth=11&ToYear=2020&Variable=Issuer,https://www.sedar.com/ModifyCompanyDocumentSearchForm.do?lang=EN&company_search=Nuvista Energy Ltd&document_selection=0&industry_group=A&FromDate=13&FromMonth=05&FromYear=2000&ToDate=13&ToMonth=11&ToYear=2020&Variable=Issuer
0,2017-12-31,NVA.TO,2017-12-31,2017-12-31,FY,377746000,149164000,228582000,0.6051209013464074,0.0,52297000,28951000,2550000.0,119921000,321382000,11800000,0.0,193379000,0.5119286504688335,56364000,0.2038247923207658,32430000,76994000,0.2038247923207658,-17374000,94368000,0.24981866121679647,0.54,0.54,173221000,173882000,https://www.sedar.com/ModifyCompanyDocumentSearchForm.do?lang=EN&company_search=Nuvista Energy Ltd&document_selection=0&industry_group=A&FromDate=13&FromMonth=05&FromYear=2000&ToDate=13&ToMonth=11&ToYear=2020&Variable=Issuer,https://www.sedar.com/ModifyCompanyDocumentSearchForm.do?lang=EN&company_search=Nuvista Energy Ltd&document_selection=0&industry_group=A&FromDate=13&FromMonth=05&FromYear=2000&ToDate=13&ToMonth=11&ToYear=2020&Variable=Issuer
0,2016-12-31,NVA.TO,2016-12-31,2016-12-31,FY,257252000,102833000,154419000,0.600263554802295,0.0,42832000,21119000,350000.0,97419000,243084000,10060000,0.0,115140000,0.44757669522491567,14168000,-0.012746256588870058,-7387000.0,-3279000.0,-0.012746256588870058,-1626000.0,-1653000.0,-0.00642560602055572,-0.01,-0.01,157977000,157977000,https://www.sedar.com/ModifyCompanyDocumentSearchForm.do?lang=EN&company_search=Nuvista Energy Ltd&document_selection=0&industry_group=A&FromDate=13&FromMonth=05&FromYear=2000&ToDate=13&ToMonth=11&ToYear=2020&Variable=Issuer,https://www.sedar.com/ModifyCompanyDocumentSearchForm.do?lang=EN&company_search=Nuvista Energy Ltd&document_selection=0&industry_group=A&FromDate=13&FromMonth=05&FromYear=2000&ToDate=13&ToMonth=11&ToYear=2020&Variable=Issuer
0,2015-12-31,NVA.TO,2015-12-31,2015-12-31,FY,225685000,248851000,-23166000,-0.10264749540288455,0.0,37699000,12644000,-5230000.0,102483000,389033000,6499000.0,0.0,78740000,0.3488933690763675,-163348000,-0.7356846932671645,3814000.0,-166033000,-0.7356846932671645,6892000.0,-172925000,-0.7662228327093072,-1.16,-1.16,148523000,148523000,https://www.sedar.com/ModifyCompanyDocumentSearchForm.do?lang=EN&company_search=Nuvista Energy Ltd&document_selection=0&industry_group=A&FromDate=13&FromMonth=05&FromYear=2000&ToDate=13&ToMonth=11&ToYear=2020&Variable=Issuer,https://www.sedar.com/ModifyCompanyDocumentSearchForm.do?lang=EN&company_search=Nuvista Energy Ltd&document_selection=0&industry_group=A&FromDate=13&FromMonth=05&FromYear=2000&ToDate=13&ToMonth=11&ToYear=2020&Variable=Issuer
0,2014-12-31,NVA.TO,2014-12-31,2014-12-31,FY,259107000,170354000,88753000,0.3425341654220071,0.0,40662000,10457000,-2994000.0,89683000,300699000,5672000.0,0.0,106578000,0.4113281385682363,-41592000,-0.27291041924764675,-23449000,-70713000,-0.27291041924764675,-11832000,-58881000,-0.2272458868343966,-0.43,-0.43,136497000,136497000,https://www.sedar.com/ModifyCompanyDocumentSearchForm.do?lang=EN&company_search=Nuvista Energy Ltd&document_selection=0&industry_group=A&FromDate=13&FromMonth=05&FromYear=2000&ToDate=13&ToMonth=11&ToYear=2020&Variable=Issuer,https://www.sedar.com/ModifyCompanyDocumentSearchForm.do?lang=EN&company_search=Nuvista Energy Ltd&document_selection=0&industry_group=A&FromDate=13&FromMonth=05&FromYear=2000&ToDate=13&ToMonth=11&ToYear=2020&Variable=Issuer
0,2013-12-31,NVA.TO,2013-12-31,2013-12-31,FY,213469000,97508000,115961000,0.5432217324295331,0.0,36763000,6920000.0,-3776000.0,83402000,217673000,4016000.0,0.0,72355000,0.3389485124303763,-4204000.0,-0.3581784708786756,-68240000,-76460000,-0.3581784708786756,-15316000,-61144000,-0.2864303482004413,-0.51,-0.51,120430000,120430000,https://www.sedar.com/ModifyCompanyDocumentSearchForm.do?lang=EN&company_search=Nuvista Energy Ltd&document_selection=0&industry_group=A&FromDate=13&FromMonth=05&FromYear=2000&ToDate=13&ToMonth=11&ToYear=2020&Variable=Issuer,https://www.sedar.com/ModifyCompanyDocumentSearchForm.do?lang=EN&company_search=Nuvista Energy Ltd&document_selection=0&industry_group=A&FromDate=13&FromMonth=05&FromYear=2000&ToDate=13&ToMonth=11&ToYear=2020&Variable=Issuer
0,2012-12-31,NVA.TO,2012-12-31,2012-12-31,FY,242012000,360552000,-118540000,-0.4898104226236715,0.0,33935000,7244000.0,0.0,108391000,502878000,11957000,0.0,71567000,0.2957167413186123,-260866000,-1.0525635092474754,18090000,-254733000,-1.0525635092474754,-59533000,-195200000,-0.806571574963225,-1.93,-1.93,101148000,101148000,https://www.sedar.com/ModifyCompanyDocumentSearchForm.do?lang=EN&company_search=Nuvista Energy Ltd&document_selection=0&industry_group=A&FromDate=13&FromMonth=05&FromYear=2000&ToDate=13&ToMonth=11&ToYear=2020&Variable=Issuer,https://www.sedar.com/ModifyCompanyDocumentSearchForm.do?lang=EN&company_search=Nuvista Energy Ltd&document_selection=0&industry_group=A&FromDate=13&FromMonth=05&FromYear=2000&ToDate=13&ToMonth=11&ToYear=2020&Variable=Issuer
0,2011-12-31,NVA.TO,2011-12-31,2011-12-31,FY,348191000,171147000,177044000,0.5084680534534207,0.0,36105000,0.0,0.0,-28456000,486002000,16612000,0.0,169395000,0.48650022545097377,-137811000,-0.5175636360503287,-25788000,-180211000,-0.5175636360503287,-36411000,-143800000,-0.41299172006169027,-1.47,-1.47,97557000,97557000,https://www.sedar.com/ModifyCompanyDocumentSearchForm.do?lang=EN&company_search=Nuvista Energy Ltd&document_selection=0&industry_group=A&FromDate=13&FromMonth=05&FromYear=2000&ToDate=13&ToMonth=11&ToYear=2020&Variable=Issuer,https://www.sedar.com/ModifyCompanyDocumentSearchForm.do?lang=EN&company_search=Nuvista Energy Ltd&document_selection=0&industry_group=A&FromDate=13&FromMonth=05&FromYear=2000&ToDate=13&ToMonth=11&ToYear=2020&Variable=Issuer
0,2010-12-31,NVA.TO,2010-12-31,2010-12-31,FY,365341000,151584000,213757000,0.5850889990447281,0.0,35390000,0.0,0.0,0.0,366713000,17713000,0.0,178367000,0.48822059391089423,-1372000.0,-0.05223886725004859,17713000,-19085000,-0.05223886725004859,-5096000.0,-13989000,-0.03829025485779039,-0.16,-0.16,88582672,88582672,https://www.sedar.com/ModifyCompanyDocumentSearchForm.do?lang=EN&company_search=Nuvista Energy Ltd&document_selection=0&industry_group=A&FromDate=13&FromMonth=05&FromYear=2000&ToDate=13&ToMonth=11&ToYear=2020&Variable=Issuer,https://www.sedar.com/ModifyCompanyDocumentSearchForm.do?lang=EN&company_search=Nuvista Energy Ltd&document_selection=0&industry_group=A&FromDate=13&FromMonth=05&FromYear=2000&ToDate=13&ToMonth=11&ToYear=2020&Variable=Issuer
0,2009-12-31,NVA.TO,2009-12-31,2009-12-31,FY,336048000,126690000,209358000,0.6230002856734752,0.0,30542000,0.0,0.0,0.0,329228000,14061000,0.0,178998000,0.5326560491358378,6820000.0,-0.021547517021377898,14061000,-7241000.0,-0.021547517021377898,-9717000.0,2476000.0,0.007367995048326429,0.03,0.03,83152000,83571000,https://www.sedar.com/ModifyCompanyDocumentSearchForm.do?lang=EN&company_search=Nuvista Energy Ltd&document_selection=0&industry_group=A&FromDate=13&FromMonth=05&FromYear=2000&ToDate=13&ToMonth=11&ToYear=2020&Variable=Issuer,https://www.sedar.com/ModifyCompanyDocumentSearchForm.do?lang=EN&company_search=Nuvista Energy Ltd&document_selection=0&industry_group=A&FromDate=13&FromMonth=05&FromYear=2000&ToDate=13&ToMonth=11&ToYear=2020&Variable=Issuer
0,2008-12-31,NVA.TO,2008-12-31,2008-12-31,FY,515338000,199010000,316328000,0.6138262654801315,0.0,22391000,0.0,0.0,0.0,385612000,15509000,164211000,293937000,0.5703771117208511,129726000,0.24436583368585277,11614000,125931000,0.24436583368585277,37636000,88195000,0.17114010610511937,1.18,1.18,74468270,75021409,https://www.sedar.com/ModifyCompanyDocumentSearchForm.do?lang=EN&company_search=Nuvista Energy Ltd&document_selection=0&industry_group=A&FromDate=13&FromMonth=05&FromYear=2000&ToDate=13&ToMonth=11&ToYear=2020&Variable=Issuer,https://www.sedar.com/ModifyCompanyDocumentSearchForm.do?lang=EN&company_search=Nuvista Energy Ltd&document_selection=0&industry_group=A&FromDate=13&FromMonth=05&FromYear=2000&ToDate=13&ToMonth=11&ToYear=2020&Variable=Issuer
0,2007-12-31,NVA.TO,2007-12-31,2007-12-31,FY,212386000,89696000,122690000,0.5776746113208968,0.0,8087000.0,0.0,0.0,0.0,183029000,9510000.0,85246000,114603000,0.5395977135969414,29357000,0.11293117248782876,4138000.0,23985000,0.11293117248782876,-2342000.0,26327000,0.12395826466904598,0.51,0.51,51621569,51621569,https://www.sedar.com/ModifyCompanyDocumentSearchForm.do?lang=EN&company_search=Nuvista Energy Ltd&document_selection=0&industry_group=A&FromDate=13&FromMonth=05&FromYear=2000&ToDate=13&ToMonth=11&ToYear=2020&Variable=Issuer,https://www.sedar.com/ModifyCompanyDocumentSearchForm.do?lang=EN&company_search=Nuvista Energy Ltd&document_selection=0&industry_group=A&FromDate=13&FromMonth=05&FromYear=2000&ToDate=13&ToMonth=11&ToYear=2020&Variable=Issuer
0,2006-12-31,NVA.TO,2006-12-31,2006-12-31,FY,192639000,76859000,115780000,0.601020561776172,0.0,5308000.0,0.0,0.0,0.0,147503000,5658000.0,65336000,110472000,0.5734664320308972,45136000,0.2049325422162698,0.0,39478000,0.2049325422162698,4194000.0,35284000,0.18316124979884654,0.72,0.71,49005556,49695775,https://www.sedar.com/ModifyCompanyDocumentSearchForm.do?lang=EN&company_search=Nuvista Energy Ltd&document_selection=0&industry_group=A&FromDate=13&FromMonth=05&FromYear=2000&ToDate=13&ToMonth=11&ToYear=2020&Variable=Issuer,https://www.sedar.com/ModifyCompanyDocumentSearchForm.do?lang=EN&company_search=Nuvista Energy Ltd&document_selection=0&industry_group=A&FromDate=13&FromMonth=05&FromYear=2000&ToDate=13&ToMonth=11&ToYear=2020&Variable=Issuer
0,2005-12-31,NVA.TO,2005-12-31,2005-12-31,FY,169680000,19760000,149920000,0.8835454974068836,0.0,3339000.0,0.0,0.0,0.0,63510000,2231000.0,40411000,146581000,0.8638672795851013,106170000,0.3748703441772749,-40331000,63608000,0.3748703441772749,24102000,39506000,0.23282649693540783,0.9,0.87,43895556,45409195,https://www.sedar.com/ModifyCompanyDocumentSearchForm.do?lang=EN&company_search=Nuvista Energy Ltd&document_selection=0&industry_group=A&FromDate=13&FromMonth=05&FromYear=2000&ToDate=13&ToMonth=11&ToYear=2020&Variable=Issuer,https://www.sedar.com/ModifyCompanyDocumentSearchForm.do?lang=EN&company_search=Nuvista Energy Ltd&document_selection=0&industry_group=A&FromDate=13&FromMonth=05&FromYear=2000&ToDate=13&ToMonth=11&ToYear=2020&Variable=Issuer
0,2004-12-31,NVA.TO,2004-12-31,2004-12-31,FY,79398000,10022000,69376000,0.8737751580644348,0.0,1869000.0,0.0,0.0,0.0,31618000,574000.0,19727000,67507000,0.8502355223053477,47780000,0.37160885664626314,-17701000,29505000,0.37160885664626314,11183000,18322000,0.23076148013803874,0.47,0.46,38982979,39830435,https://www.sedar.com/ModifyCompanyDocumentSearchForm.do?lang=EN&company_search=Nuvista Energy Ltd&document_selection=0&industry_group=A&FromDate=13&FromMonth=05&FromYear=2000&ToDate=13&ToMonth=11&ToYear=2020&Variable=Issuer,https://www.sedar.com/ModifyCompanyDocumentSearchForm.do?lang=EN&company_search=Nuvista Energy Ltd&document_selection=0&industry_group=A&FromDate=13&FromMonth=05&FromYear=2000&ToDate=13&ToMonth=11&ToYear=2020&Variable=Issuer
0,2003-12-31,NVA.TO,2003-12-31,2003-12-31,FY,25134000,2792000.0,22342000,0.8889154133842604,0.0,372000.0,0.0,0.0,0.0,9608000.0,282000.0,6444000.0,21970000,0.874114744966977,15526000,0.36464550011936026,-6079000.0,9165000.0,0.36464550011936026,3497000.0,5668000.0,0.2255112596482852,0.16,0.15,35425000,37786667,https://www.sedar.com/ModifyCompanyDocumentSearchForm.do?lang=EN&company_search=Nuvista Energy Ltd&document_selection=0&industry_group=A&FromDate=13&FromMonth=05&FromYear=2000&ToDate=13&ToMonth=11&ToYear=2020&Variable=Issuer,https://www.sedar.com/ModifyCompanyDocumentSearchForm.do?lang=EN&company_search=Nuvista Energy Ltd&document_selection=0&industry_group=A&FromDate=13&FromMonth=05&FromYear=2000&ToDate=13&ToMonth=11&ToYear=2020&Variable=Issuer
