,date,symbol,fillingDate,acceptedDate,period,revenue,costOfRevenue,grossProfit,grossProfitRatio,researchAndDevelopmentExpenses,generalAndAdministrativeExpenses,sellingAndMarketingExpenses,otherExpenses,operatingExpenses,costAndExpenses,interestExpense,depreciationAndAmortization,ebitda,ebitdaratio,operatingIncome,operatingIncomeRatio,totalOtherIncomeExpensesNet,incomeBeforeTax,incomeBeforeTaxRatio,incomeTaxExpense,netIncome,netIncomeRatio,eps,epsdiluted,weightedAverageShsOut,weightedAverageShsOutDil,link,finalLink
0,2019-12-31,MTDR,2020-03-02 00:00:00,2020-03-02 16:23:51,FY,983670000,666314000,317356000,0.32262445738916506,0.0,80054000,0.0,-2126000.0,1822000.0,748190000,73873000,0.0,583894000,0.5935872802870882,235480000,0.1611455061148556,-3093000.0,158514000,0.1611455061148556,35532000,87777000,0.08923419439446156,0.75,0.75,116555000,117063000,https://www.sec.gov/Archives/edgar/data/1520006/000152000620000037/0001520006-20-000037-index.html,https://www.sec.gov/Archives/edgar/data/1520006/000152000620000037/a20191231mtdr10-k.htm
0,2018-12-31,MTDR,2019-03-01 00:00:00,2019-03-01 17:00:43,FY,899599000,465490000,434109000,0.48255833988254765,0.0,69308000,0.0,1551000.0,1530000.0,536328000,41327000,0.0,629964000,0.7002720100844932,363271000,0.32467021417320385,-29871000,292073000,0.32467021417320385,-7691000.0,274207000,0.3048102543466589,2.41,2.41,113580000,113691000,https://www.sec.gov/Archives/edgar/data/1520006/000152000619000048/0001520006-19-000048-index.html,https://www.sec.gov/Archives/edgar/data/1520006/000152000619000048/a20181231mtdr10-k.htm
0,2017-12-31,MTDR,2018-03-01 00:00:00,2018-02-28 21:42:59,FY,544276000,316129000,228147000,0.4191751978775474,0.0,66016000,0.0,3551000.0,1290000.0,383435000,34565000,0.0,341894000,0.6281629173434067,160841000,0.2385738118160639,3574000.0,129850000,0.2385738118160639,-8157000.0,125867000,0.23125583343744718,1.23,1.23,102029000,102543000,https://www.sec.gov/Archives/edgar/data/1520006/000152000618000053/0001520006-18-000053-index.html,https://www.sec.gov/Archives/edgar/data/1520006/000152000618000053/a20171231mtdr10-k.htm
0,2016-12-31,MTDR,2017-03-01 00:00:00,2017-03-01 06:33:53,FY,264422000,226685000,37737000,0.14271505396676526,0.0,55089000,0.0,-4000.0,1182000.0,282956000,28199000,0.0,103510000,0.3914575943000204,-18534000,-0.3709714017744363,-51360000,-98093000,-0.3709714017744363,-1036000.0,-97421000,-0.3684300096058573,-1.07,-1.07,91273000,91273000,https://www.sec.gov/Archives/edgar/data/1520006/000152000617000074/0001520006-17-000074-index.html,https://www.sec.gov/Archives/edgar/data/1520006/000152000617000074/mtdr10-k12312016.htm
0,2015-12-31,MTDR,2016-02-29 00:00:00,2016-02-29 07:58:54,FY,316169000,272575000,43594000,0.13788195553643778,0.0,50105000,0.0,0.0,734000.0,323414000,21754000,0.0,173967000,0.5502342101850592,-7245000.0,-2.615348120783505,-800258000,-826892000,-2.615348120783505,-147368000,-679785000,-2.1500684760365503,-8.34,-8.34,81537000,81537000,https://www.sec.gov/Archives/edgar/data/1520006/000152000616000245/0001520006-16-000245-index.html,https://www.sec.gov/Archives/edgar/data/1520006/000152000616000245/mtdr10-k12312015.htm
0,2014-12-31,MTDR,2015-03-02,2015-03-02 17:21:45,FY,431036000,219262000,211774000,0.49131395057489397,0.0,32152000,0.0,0.0,504000.0,251918000,5334000.0,0.0,315200000,0.7312614259597806,179118000,0.4062978498315686,58302000,175129000,0.4062978498315686,64375000,110771000,0.2569878154028898,1.58,1.56,70229000,70906000,https://www.sec.gov/Archives/edgar/data/1520006/000152000615000008/mtdr10-k12312014.htm,https://www.sec.gov/Archives/edgar/data/1520006/000152000615000008/mtdr10-k12312014.htm
0,2013-12-31,MTDR,2014-03-17,2014-03-17 07:30:21,FY,260889000,158088000,102801000,0.39404114393477685,0.0,20779000,0.0,0.0,348000.0,179215000,5687000.0,0.0,180294000,0.6910755148741419,81674000,0.2100165204358942,-21421000,54791000,0.2100165204358942,9697000.0,45094000,0.17284745619784658,0.77,0.77,58777000,58929000,https://www.sec.gov/Archives/edgar/data/1520006/000152000614000017/0001520006-14-000017-index.htm,https://www.sec.gov/Archives/edgar/data/1520006/000152000614000017/mtdr10-k12312013.htm
0,2012-12-31,MTDR,2013-03-18 00:00:00,2013-03-18 06:11:18,FY,165156000,120310000,44846000,0.27153721330136354,0.0,14543000,0.0,0.0,256000.0,135109000,1002000.0,0.0,110725000,0.6704267480442733,30047000,-0.21004989222311027,-63960000,-34691000,-0.21004989222311027,-1430000.0,-33261000,-0.20139141175615782,-0.62,-0.62,53957000,53957000,https://www.sec.gov/Archives/edgar/data/1520006/000119312513111031/0001193125-13-111031-index.html,https://www.sec.gov/Archives/edgar/data/1520006/000119312513111031/d444422d10k.htm
