,date,symbol,fillingDate,acceptedDate,period,revenue,costOfRevenue,grossProfit,grossProfitRatio,researchAndDevelopmentExpenses,generalAndAdministrativeExpenses,sellingAndMarketingExpenses,otherExpenses,operatingExpenses,costAndExpenses,interestExpense,depreciationAndAmortization,ebitda,ebitdaratio,operatingIncome,operatingIncomeRatio,totalOtherIncomeExpensesNet,incomeBeforeTax,incomeBeforeTaxRatio,incomeTaxExpense,netIncome,netIncomeRatio,eps,epsdiluted,weightedAverageShsOut,weightedAverageShsOutDil,link,finalLink
0,2018-12-31,VOC,2019-03-12 00:00:00,2019-03-12 16:20:28,FY,12940000,0.0,0.0,0.0,0.0,830000.0,0.0,40000.0,870000.0,870000.0,0.0,0.0,12070000,0.932767,12070000,0.932767,40000.0,12070000,0.932767,0.0,12070000,0.932767,0.71,0.71,17000000,17000000,https://www.sec.gov/Archives/edgar/data/1505413/000104746919001134/0001047469-19-001134-index.html,https://www.sec.gov/Archives/edgar/data/1505413/000104746919001134/a2237994z10-k.htm
0,2017-12-31,VOC,2018-03-14 00:00:00,2018-03-14 16:45:20,FY,9210000.0,0.0,0.0,0.0,0.0,720000.0,0.0,80000.0,790000.0,790000.0,0.0,0.0,8420000.0,0.914224,8420000.0,0.914224,80000.0,8420000.0,0.914224,0.0,8420000.0,0.914224,0.49529,0.49529,17000000,17000000,https://www.sec.gov/Archives/edgar/data/1505413/000104746918001645/0001047469-18-001645-index.html,https://www.sec.gov/Archives/edgar/data/1505413/000104746918001645/a2234851z10-k.htm
0,2016-12-31,VOC,2017-03-15 00:00:00,2017-03-15 16:42:53,FY,5750000.0,0.0,0.0,0.0,0.0,920000.0,0.0,-10000.0,900000.0,900000.0,0.0,0.0,4850000.0,0.843478,4850000.0,0.843478,-10000.0,4850000.0,0.843478,0.0,4850000.0,0.843478,0.28529,0.28529,17000000,17000000,https://www.sec.gov/Archives/edgar/data/1505413/000104746917001624/0001047469-17-001624-index.html,https://www.sec.gov/Archives/edgar/data/1505413/000104746917001624/a2231338z10-k.htm
0,2015-12-31,VOC,2016-03-15 00:00:00,2016-03-15 16:11:35,FY,8630000.0,0.0,0.0,0.0,0.0,800000.0,0.0,-160000.0,640000.0,640000.0,0.0,0.0,7990000.0,0.92584,7990000.0,0.92584,-160000.0,7990000.0,0.92584,0.0,7990000.0,0.92584,0.47,0.47,17000000,17000000,https://www.sec.gov/Archives/edgar/data/1505413/000104746916011179/0001047469-16-011179-index.html,https://www.sec.gov/Archives/edgar/data/1505413/000104746916011179/a2227738z10-k.htm
0,2014-12-31,VOC,,,FY,32280000,0.0,0.0,0.0,0.0,870000.0,0.0,-40000.0,830000.0,830000.0,0.0,0.0,31450000,0.974287,31450000,0.974287,-40000.0,31450000,0.974287,0.0,31450000,0.974287,1.85,1.85,17000000,17000000,,
0,2013-12-31,VOC,,,FY,29270000,0.0,0.0,0.0,0.0,740000.0,0.0,-20000.0,710000.0,710000.0,0.0,0.0,28560000,0.975743,28560000,0.975743,-20000.0,28560000,0.975743,0.0,28560000,0.975743,1.0,1.0,28560000,28560000,,
0,2012-12-31,VOC,2013-03-15 00:00:00,2013-03-15 16:16:23,FY,38110000,0.0,0.0,0.0,0.0,710000.0,0.0,180000.0,880000.0,880000.0,0.0,0.0,37230000,0.976909,37230000,0.976909,180000.0,37230000,0.976909,0.0,37230000,0.976909,2.19,2.19,17000000,17000000,https://www.sec.gov/Archives/edgar/data/1505413/000104746913002842/0001047469-13-002842-index.html,https://www.sec.gov/Archives/edgar/data/1505413/000104746913002842/a2213603z10-k.htm
0,2011-12-31,VOC,2012-03-30 00:00:00,2012-03-30 12:46:45,FY,24850000,0.0,0.0,0.0,0.0,420000.0,0.0,300000.0,710000.0,710000.0,0.0,0.0,24140000,0.971429,24140000,0.971429,300000.0,24140000,0.971429,0.0,24140000,0.971429,1.42,1.42,17000000,17000000,https://www.sec.gov/Archives/edgar/data/1505413/000104746912003654/0001047469-12-003654-index.html,https://www.sec.gov/Archives/edgar/data/1505413/000104746912003654/a2208568z10-k.htm
