,date,symbol,fillingDate,acceptedDate,period,revenue,costOfRevenue,grossProfit,grossProfitRatio,researchAndDevelopmentExpenses,generalAndAdministrativeExpenses,sellingAndMarketingExpenses,otherExpenses,operatingExpenses,costAndExpenses,interestExpense,depreciationAndAmortization,ebitda,ebitdaratio,operatingIncome,operatingIncomeRatio,totalOtherIncomeExpensesNet,incomeBeforeTax,incomeBeforeTaxRatio,incomeTaxExpense,netIncome,netIncomeRatio,eps,epsdiluted,weightedAverageShsOut,weightedAverageShsOutDil,link,finalLink
0,2019-12-31,CKH,2020-02-28 00:00:00,2020-02-28 16:41:05,FY,799966000,583633000,216333000,0.270428,0.0,105517000,0.0,9171000.0,173421999.9999999,757054999.9999999,109000.0,68571000,105283000,0.131609,42911000,0.053641,-134000.0,49097000,0.061374,9829000.0,26774000,0.033469,1.31851,1.31851,20306330,20306330,https://www.sec.gov/Archives/edgar/data/859598/000085959820000005/0000859598-20-000005-index.html,https://www.sec.gov/Archives/edgar/data/859598/000085959820000005/ckh-20191231.htm
0,2018-12-31,CKH,2019-02-27 00:00:00,2019-02-26 18:24:54,FY,835750000,591848000,243902000,0.291836,0.0,102907000,0.0,8865000.0,169529000,761377000,31683000,74579000,172825000,0.20679,74373000,0.08899,1064000.0,91689000,0.109709,8415000.0,58148000,0.069576,2.97042,2.97042,19575690,19575690,https://www.sec.gov/Archives/edgar/data/859598/000085959819000005/0000859598-19-000005-index.html,https://www.sec.gov/Archives/edgar/data/859598/000085959819000005/ckh-12312018x10k.htm
0,2017-12-31,CKH,2018-03-01 00:00:00,2018-02-28 18:19:53,FY,650847000,433837000,217010000,0.333427,0.0,103106000,0.0,6775000.0,167346000,601183000,41530000,75058000,111042000,0.170612,49664000,0.076307,256000.0,35205000,0.054091,-67189000,61643000,0.094712,2.68782,2.68782,22934160,22934160,https://www.sec.gov/Archives/edgar/data/859598/000085959818000018/0000859598-18-000018-index.html,https://www.sec.gov/Archives/edgar/data/859598/000085959818000018/ckh-12312017x10k.htm
0,2016-12-31,CKH,2017-03-30 00:00:00,2017-03-30 17:17:18,FY,524163000,358953000,165210000,0.315188,0.0,86362000,0.0,0.0,163226000,522179000,49726000,62565000,-197436000,-0.376669,1984000.0,0.003785,-25216000,-92236000,-0.175968,-93830000,-215897000,-0.411889,-12.76369,-12.76369,16914930,16914930,https://www.sec.gov/Archives/edgar/data/859598/000085959817000047/0000859598-17-000047-index.html,https://www.sec.gov/Archives/edgar/data/859598/000085959817000047/ckh-12312016x10k.htm
0,2015-12-31,CKH,2016-02-29 00:00:00,2016-02-29 16:34:04,FY,521987000,331608000,190379000,0.36472,0.0,101343000,0.0,0.0,175587000,507195000,43297000,60356000,23509000,0.045038,14792000,0.028338,2400000.0,-1751000.0,-0.003354,-11362000,-68782000,-0.13177,-3.94253,-3.94253,17446140,17446140,https://www.sec.gov/Archives/edgar/data/859598/000085959816000211/0000859598-16-000211-index.html,https://www.sec.gov/Archives/edgar/data/859598/000085959816000211/ckh-12312015x10k.htm
0,2014-12-31,CKH,2015-02-26,2015-02-26 16:59:02,FY,1319394000,909372000,410022000,0.310765,0.0,164938000,0.0,0.0,244779000.0000001,1154151000,43632000,131819000,330780000,0.250706,165243000,0.125242,3439000.0,163235000,0.12372,55197000,100132000,0.075892,3.88631,3.88631,25765330,25765330,https://www.sec.gov/Archives/edgar/data/859598/000085959815000029/ckh-12312014x10k.htm,https://www.sec.gov/Archives/edgar/data/859598/000085959815000029/ckh-12312014x10k.htm
0,2013-12-31,CKH,2014-03-03,2014-03-03 17:10:18,FY,1247300000,908900000,338400000,0.271306,0.0,141300000,0.0,0.0,238300000.00000006,1147200000,42592000,134500000,240839000,0.193088,100000000,0.080173,600000.0,67600000,0.054197,26747000,37000000,0.029664,1.82266,1.82266,20300000,20300000,https://www.sec.gov/Archives/edgar/data/859598/000085959814000021/ckh-12312013x10k.htm,https://www.sec.gov/Archives/edgar/data/859598/000085959814000021/ckh-12312013x10k.htm
0,2012-12-31,CKH,2013-02-28 00:00:00,2013-02-27 20:32:46,FY,1581200000,1144600000,436600000,0.276119,0.0,201500000,0.0,1144649000,348300000.0000002,1492900000.0000002,48539000,174200000,316118000,0.199923,88300000,0.055844,7200000.0,77100000,0.04876,32179000,61200000,0.038705,2.94231,2.94231,20800000,20800000,https://www.sec.gov/Archives/edgar/data/859598/000085959813000024/0000859598-13-000024-index.html,https://www.sec.gov/Archives/edgar/data/859598/000085959813000024/ckh-12312012x10k.htm
0,2011-12-31,CKH,2012-02-24 00:00:00,2012-02-24 17:25:02,FY,2141900000,1708200000,433800000,0.20253,0.0,187500000,0.0,0.0,310500000,2018700000,41245000,156800000,260330000,0.121542,123200000,0.057519,900000.0,53400000,0.024931,21185000,41100000,0.019189,1.91163,1.91163,21500000,21500000,https://www.sec.gov/Archives/edgar/data/859598/000119312512078497/0001193125-12-078497-index.html,https://www.sec.gov/Archives/edgar/data/859598/000119312512078497/d258003d10k.htm
0,2010-12-31,CKH,2011-02-25,2011-02-25 16:09:53,FY,2649400000,1930200000,719100000,0.27142,0.0,192500000,0.0,0.0,312299999.99999994,2242500000,43950000,163500000,592824000,0.223758,406900000,0.153582,3700000.0,373500000,0.140975,140674000,244700000,0.092361,11.22477,11.22477,21800000,21800000,https://www.sec.gov/Archives/edgar/data/859598/000119312511047403/d10k.htm,https://www.sec.gov/Archives/edgar/data/859598/000119312511047403/d10k.htm
0,2009-12-31,CKH,2010-02-25 00:00:00,2010-02-25 17:23:43,FY,1711300000,1185100000,526200000,0.307486,0.0,162000000,0.0,0.0,300000000,1485100000,59043000,160100000,445443000,0.260295,226200000,0.13218,200000.0,215000000,0.125635,82500000,143800000,0.08403,6.1453,6.1453,23400000,23400000,https://www.sec.gov/Archives/edgar/data/859598/000119312510040934/0001193125-10-040934-index.html,https://www.sec.gov/Archives/edgar/data/859598/000119312510040934/d10k.htm
0,2008-12-31,CKH,2009-02-26 00:00:00,2009-02-26 17:30:25,FY,1656000000,1071100000,584800000,0.35314,0.0,174900000,0.0,0.0,325100000.0000001,1396200000.0000002,51901000,156400000,545301000,0.329288,259800000,0.156884,300000.0,325800000,0.196739,113300000,223700000,0.135085,9.05668,9.05668,24700000,24700000,https://www.sec.gov/Archives/edgar/data/859598/000119312509039274/0001193125-09-039274-index.html,https://www.sec.gov/Archives/edgar/data/859598/000119312509039274/d10k.htm
0,2007-12-31,CKH,2008-02-29,2008-02-28 20:49:52,FY,1359200000,832400000,526800000,0.387581,0.0,147500000,0.0,0.0,301600000,1134000000,49360000,154300000,575660000,0.423529,225200000,0.165686,0.0,351300000,0.258461,130400000,241600000,0.177752,8.84982,8.84982,27300000,27300000,https://www.sec.gov/Archives/edgar/data/859598/000104746908001960/a2183047z10-k.htm,https://www.sec.gov/Archives/edgar/data/859598/000104746908001960/a2183047z10-k.htm
0,2006-12-31,CKH,2007-03-01,2007-02-28 19:15:19,FY,1323400000,743200000,580200000,0.438416,0.0,130800000,0.0,612440000,297500000,1040700000,53679000,166700000,579879000,0.438174,282800000,0.213692,900000.0,345700000,0.261221,125100000,234400000,0.17712,8.22456,8.22456,28500000,28500000,https://www.sec.gov/Archives/edgar/data/859598/000110465907015082/a07-5961_110k.htm,https://www.sec.gov/Archives/edgar/data/859598/000110465907015082/a07-5961_110k.htm
0,2005-12-31,CKH,2006-03-20,2006-03-20 12:41:11,FY,972000000,589900000,382100000,0.393107,0.0,105200000,0.0,484733000,232899999.99999997,822800000,48152000,127700000,376252000,0.387091,149200000,0.153498,1700000.0,194400000,0.2,29700000,170700000,0.175617,6.74704,6.74704,25300000,25300000,https://www.sec.gov/Archives/edgar/data/859598/000110465906017877/a06-6858_210k.htm,https://www.sec.gov/Archives/edgar/data/859598/000110465906017877/a06-6858_210k.htm
0,2004-12-31,CKH,,,FY,491900000,354200000,137700000,0.279935,0.0,61400000,0.0,0.0,119199999.99999999,473400000,-4900000.0,57800000,81400000,0.165481,18400000,0.037406,500000.0,24300000,0.0494,8600000.0,19900000,0.040455,1.06989,1.06989,18600000,18600000,,
0,2003-12-31,CKH,,,FY,406200000,287300000,118900000,0.292713,0.0,57700000,0.0,0.0,115300000.00000001,402600000,900000.0,55500000,78800000,0.193993,3600000.0,0.008863,-700000.0,21400000,0.052683,10400000,12000000,0.029542,0.62176,0.62176,19300000,19300000,,
0,2002-12-31,CKH,,,FY,403200000,249900000,153300000,0.380208,0.0,53300000,0.0,0.0,109499999.99999997,359399999.99999994,-7000000.0,56200000,119700000,0.296875,43800000,0.108631,3400000.0,68500000,0.169891,23900000,46600000,0.115575,2.20853,2.20853,21100000,21100000,,
0,2001-12-31,CKH,,,FY,434800000,234600000,200200000,0.460442,0.0,50000000,0.0,0.0,108299999.99999999,342900000,-3100000.0,58300000,162000000,0.372585,91900000,0.211362,5800000.0,103700000,0.2385,36100000,70700000,0.162603,3.31925,3.31925,21300000,21300000,,
0,2000-12-31,CKH,2001-04-02 00:00:00,2001-04-02 00:00:00,FY,339900000,201500000,138500000,0.407473,0.0,39500000,0.0,0.0,90699999.99999999,292200000,-5300000.0,51200000,100600000,0.295969,47800000,0.14063,7600000.0,61700000,0.181524,20600000,34100000,0.100324,1.60849,1.60849,21200000,21200000,https://www.sec.gov/Archives/edgar/data/859598/000090951801000365/0000909518-01-000365-index.html,https://www.sec.gov/Archives/edgar/data/859598/000090951801000365/0000909518-01-000365-0001.txt
0,1999-12-31,CKH,,,FY,289400000,166800000,122600000,0.423635,0.0,34700000,0.0,0.0,76000000,242800000,-3200000.0,41300000,84200000,0.290947,46600000,0.161023,-1600000.0,43500000,0.150311,15200000,30900000,0.106773,1.38565,1.38565,22300000,22300000,,
0,1998-12-31,CKH,,,FY,385800000,187700000,198100000,0.513478,0.0,36100000,0.0,0.0,72600000.00000001,260300000.00000003,5800000.0,36400000,228400000,0.592017,125500000,0.325298,3200000.0,172900000,0.44816,60300000,125900000,0.326335,5.22407,5.22407,24100000,24100000,,
0,1997-12-31,CKH,,,FY,346900000,167500000,179500000,0.51744,0.0,28300000,0.0,0.0,64800000.00000001,232300000,-1400000.0,36500000,215700000,0.621793,114600000,0.330355,600000.0,175700000,0.506486,61400000,119200000,0.343615,4.71146,4.71146,25300000,25300000,,
0,1996-12-31,CKH,,,FY,224400000,124700000,99800000,0.444742,0.0,22300000,0.0,0.0,47200000,171900000,-2200000.0,25000000,75500000,0.336453,52500000,0.233957,-600000.0,52000000,0.231729,18500000,34200000,0.152406,1.71859,1.71859,19900000,19900000,,
