,date,symbol,fillingDate,acceptedDate,period,revenue,costOfRevenue,grossProfit,grossProfitRatio,researchAndDevelopmentExpenses,generalAndAdministrativeExpenses,sellingAndMarketingExpenses,otherExpenses,operatingExpenses,costAndExpenses,interestExpense,depreciationAndAmortization,ebitda,ebitdaratio,operatingIncome,operatingIncomeRatio,totalOtherIncomeExpensesNet,incomeBeforeTax,incomeBeforeTaxRatio,incomeTaxExpense,netIncome,netIncomeRatio,eps,epsdiluted,weightedAverageShsOut,weightedAverageShsOutDil,link,finalLink
0,2019-09-31,NEOEN.PA,,2019-09-31,Q3,63325000,175000.0,63150000,1.0027711797307997,0.0,7450000.0,0.0,0.0,6025000.0,29700000,19775000,20050000,52700000,1.2016129032258065,33625000,1.883271375464684,0.0,11225000,5.641425389755011,5925000.0,9000000.0,7.036111111111111,0.11,0.1025,84848320,89463417,https://www.infogreffe.com/recherche-entreprise-dirigeants/resultats-entreprise-dirigeants.html?ga_cat=globale&ga_q=N.E.O.E.N#phrase=N.E.O.E.N,https://www.infogreffe.com/recherche-entreprise-dirigeants/resultats-entreprise-dirigeants.html?ga_cat=globale&ga_q=N.E.O.E.N#phrase=N.E.O.E.N
0,2019-06-31,NEOEN.PA,,2019-06-31,Q2,63325000,175000.0,63150000,1.0027711797307997,0.0,7450000.0,0.0,0.0,6025000.0,29700000,19775000,20050000,52700000,1.2016129032258065,33625000,1.883271375464684,0.0,11225000,5.641425389755011,5925000.0,9000000.0,7.036111111111111,0.11,0.1025,84848320,89463417,https://www.infogreffe.com/recherche-entreprise-dirigeants/resultats-entreprise-dirigeants.html?ga_cat=globale&ga_q=N.E.O.E.N#phrase=N.E.O.E.N,https://www.infogreffe.com/recherche-entreprise-dirigeants/resultats-entreprise-dirigeants.html?ga_cat=globale&ga_q=N.E.O.E.N#phrase=N.E.O.E.N
0,2019-03-31,NEOEN.PA,,2019-03-31,Q1,63325000,175000.0,63150000,1.0027711797307997,0.0,7450000.0,0.0,0.0,6025000.0,29700000,19775000,20050000,52700000,1.2016129032258065,33625000,1.883271375464684,0.0,11225000,5.641425389755011,5925000.0,9000000.0,7.036111111111111,0.11,0.1025,84848320,89463417,https://www.infogreffe.com/recherche-entreprise-dirigeants/resultats-entreprise-dirigeants.html?ga_cat=globale&ga_q=N.E.O.E.N#phrase=N.E.O.E.N,https://www.infogreffe.com/recherche-entreprise-dirigeants/resultats-entreprise-dirigeants.html?ga_cat=globale&ga_q=N.E.O.E.N#phrase=N.E.O.E.N
0,2019-01-31,NEOEN.PA,,2019-01-31,Q1,63325000,175000.0,63150000,1.0027711797307997,0.0,7450000.0,0.0,0.0,6025000.0,29700000,19775000,20050000,52700000,1.2016129032258065,33625000,1.883271375464684,0.0,11225000,5.641425389755011,5925000.0,9000000.0,7.036111111111111,0.11,0.1025,84848320,89463417,https://www.infogreffe.com/recherche-entreprise-dirigeants/resultats-entreprise-dirigeants.html?ga_cat=globale&ga_q=N.E.O.E.N#phrase=N.E.O.E.N,https://www.infogreffe.com/recherche-entreprise-dirigeants/resultats-entreprise-dirigeants.html?ga_cat=globale&ga_q=N.E.O.E.N#phrase=N.E.O.E.N
0,2018-09-31,NEOEN.PA,,2018-09-31,Q3,56906500,14785250,42121250,1.351016410956465,0.0,0.0,0.0,0.0,2253000.0,30409750,16996000,16057500,41264250,1.379075107387145,26496750,2.1476784888712768,0.0,7315250.0,7.779159974026862,3934500.0,3091250.0,18.408896077638495,0.04875,0.048,84957498,84957498,https://www.infogreffe.com/recherche-entreprise-dirigeants/resultats-entreprise-dirigeants.html?ga_cat=globale&ga_q=N.E.O.E.N#phrase=N.E.O.E.N,https://www.infogreffe.com/recherche-entreprise-dirigeants/resultats-entreprise-dirigeants.html?ga_cat=globale&ga_q=N.E.O.E.N#phrase=N.E.O.E.N
0,2018-06-31,NEOEN.PA,,2018-06-31,Q2,56906500,14785250,42121250,1.351016410956465,0.0,0.0,0.0,0.0,2253000.0,30409750,16996000,16057500,41264250,1.379075107387145,26496750,2.1476784888712768,0.0,7315250.0,7.779159974026862,3934500.0,3091250.0,18.408896077638495,0.04875,0.048,84957498,84957498,https://www.infogreffe.com/recherche-entreprise-dirigeants/resultats-entreprise-dirigeants.html?ga_cat=globale&ga_q=N.E.O.E.N#phrase=N.E.O.E.N,https://www.infogreffe.com/recherche-entreprise-dirigeants/resultats-entreprise-dirigeants.html?ga_cat=globale&ga_q=N.E.O.E.N#phrase=N.E.O.E.N
0,2018-03-31,NEOEN.PA,,2018-03-31,Q1,56906500,14785250,42121250,1.351016410956465,0.0,0.0,0.0,0.0,2253000.0,30409750,16996000,16057500,41264250,1.379075107387145,26496750,2.1476784888712768,0.0,7315250.0,7.779159974026862,3934500.0,3091250.0,18.408896077638495,0.04875,0.048,84957498,84957498,https://www.infogreffe.com/recherche-entreprise-dirigeants/resultats-entreprise-dirigeants.html?ga_cat=globale&ga_q=N.E.O.E.N#phrase=N.E.O.E.N,https://www.infogreffe.com/recherche-entreprise-dirigeants/resultats-entreprise-dirigeants.html?ga_cat=globale&ga_q=N.E.O.E.N#phrase=N.E.O.E.N
0,2018-01-31,NEOEN.PA,,2018-01-31,Q1,56906500,14785250,42121250,1.351016410956465,0.0,0.0,0.0,0.0,2253000.0,30409750,16996000,16057500,41264250,1.379075107387145,26496750,2.1476784888712768,0.0,7315250.0,7.779159974026862,3934500.0,3091250.0,18.408896077638495,0.04875,0.048,84957498,84957498,https://www.infogreffe.com/recherche-entreprise-dirigeants/resultats-entreprise-dirigeants.html?ga_cat=globale&ga_q=N.E.O.E.N#phrase=N.E.O.E.N,https://www.infogreffe.com/recherche-entreprise-dirigeants/resultats-entreprise-dirigeants.html?ga_cat=globale&ga_q=N.E.O.E.N#phrase=N.E.O.E.N
0,2017-09-31,NEOEN.PA,,2017-09-31,Q3,34826000,10699250,24126750,1.4434600598920286,0.0,0.0,0.0,0.0,1455250.0,20986750,9478000.0,11124500,24449500,1.4244054070635392,13839250,2.5164658489441263,0.0,3326500.0,10.469261987073502,1469250.0,2362500.0,14.741164021164021,0.0225,0.0225,107954140,107954140,https://www.infogreffe.com/recherche-entreprise-dirigeants/resultats-entreprise-dirigeants.html?ga_cat=globale&ga_q=N.E.O.E.N#phrase=N.E.O.E.N,https://www.infogreffe.com/recherche-entreprise-dirigeants/resultats-entreprise-dirigeants.html?ga_cat=globale&ga_q=N.E.O.E.N#phrase=N.E.O.E.N
0,2017-06-31,NEOEN.PA,,2017-06-31,Q2,34826000,10699250,24126750,1.4434600598920286,0.0,0.0,0.0,0.0,1455250.0,20986750,9478000.0,11124500,24449500,1.4244054070635392,13839250,2.5164658489441263,0.0,3326500.0,10.469261987073502,1469250.0,2362500.0,14.741164021164021,0.0225,0.0225,107954140,107954140,https://www.infogreffe.com/recherche-entreprise-dirigeants/resultats-entreprise-dirigeants.html?ga_cat=globale&ga_q=N.E.O.E.N#phrase=N.E.O.E.N,https://www.infogreffe.com/recherche-entreprise-dirigeants/resultats-entreprise-dirigeants.html?ga_cat=globale&ga_q=N.E.O.E.N#phrase=N.E.O.E.N
0,2017-03-31,NEOEN.PA,,2017-03-31,Q1,34826000,10699250,24126750,1.4434600598920286,0.0,0.0,0.0,0.0,1455250.0,20986750,9478000.0,11124500,24449500,1.4244054070635392,13839250,2.5164658489441263,0.0,3326500.0,10.469261987073502,1469250.0,2362500.0,14.741164021164021,0.0225,0.0225,107954140,107954140,https://www.infogreffe.com/recherche-entreprise-dirigeants/resultats-entreprise-dirigeants.html?ga_cat=globale&ga_q=N.E.O.E.N#phrase=N.E.O.E.N,https://www.infogreffe.com/recherche-entreprise-dirigeants/resultats-entreprise-dirigeants.html?ga_cat=globale&ga_q=N.E.O.E.N#phrase=N.E.O.E.N
0,2017-01-31,NEOEN.PA,,2017-01-31,Q1,34826000,10699250,24126750,1.4434600598920286,0.0,0.0,0.0,0.0,1455250.0,20986750,9478000.0,11124500,24449500,1.4244054070635392,13839250,2.5164658489441263,0.0,3326500.0,10.469261987073502,1469250.0,2362500.0,14.741164021164021,0.0225,0.0225,107954140,107954140,https://www.infogreffe.com/recherche-entreprise-dirigeants/resultats-entreprise-dirigeants.html?ga_cat=globale&ga_q=N.E.O.E.N#phrase=N.E.O.E.N,https://www.infogreffe.com/recherche-entreprise-dirigeants/resultats-entreprise-dirigeants.html?ga_cat=globale&ga_q=N.E.O.E.N#phrase=N.E.O.E.N
0,2016-09-31,NEOEN.PA,,2016-09-31,Q3,20332750,6206000.0,14126750,1.4393084042684976,0.0,0.0,0.0,0.0,639500.0,13981250,5815000.0,8160000.0,13505750,1.5054884030875737,6351500.0,3.2012516728331892,0.0,1220250.0,16.66277402171686,643250.0,882500.0,23.039943342776205,0.01,0.01,105690069,105690069,https://www.infogreffe.com/recherche-entreprise-dirigeants/resultats-entreprise-dirigeants.html?ga_cat=globale&ga_q=N.E.O.E.N#phrase=N.E.O.E.N,https://www.infogreffe.com/recherche-entreprise-dirigeants/resultats-entreprise-dirigeants.html?ga_cat=globale&ga_q=N.E.O.E.N#phrase=N.E.O.E.N
0,2016-06-31,NEOEN.PA,,2016-06-31,Q2,20332750,6206000.0,14126750,1.4393084042684976,0.0,0.0,0.0,0.0,639500.0,13981250,5815000.0,8160000.0,13505750,1.5054884030875737,6351500.0,3.2012516728331892,0.0,1220250.0,16.66277402171686,643250.0,882500.0,23.039943342776205,0.01,0.01,105690069,105690069,https://www.infogreffe.com/recherche-entreprise-dirigeants/resultats-entreprise-dirigeants.html?ga_cat=globale&ga_q=N.E.O.E.N#phrase=N.E.O.E.N,https://www.infogreffe.com/recherche-entreprise-dirigeants/resultats-entreprise-dirigeants.html?ga_cat=globale&ga_q=N.E.O.E.N#phrase=N.E.O.E.N
0,2016-03-31,NEOEN.PA,,2016-03-31,Q1,20332750,6206000.0,14126750,1.4393084042684976,0.0,0.0,0.0,0.0,639500.0,13981250,5815000.0,8160000.0,13505750,1.5054884030875737,6351500.0,3.2012516728331892,0.0,1220250.0,16.66277402171686,643250.0,882500.0,23.039943342776205,0.01,0.01,105690069,105690069,https://www.infogreffe.com/recherche-entreprise-dirigeants/resultats-entreprise-dirigeants.html?ga_cat=globale&ga_q=N.E.O.E.N#phrase=N.E.O.E.N,https://www.infogreffe.com/recherche-entreprise-dirigeants/resultats-entreprise-dirigeants.html?ga_cat=globale&ga_q=N.E.O.E.N#phrase=N.E.O.E.N
0,2016-01-31,NEOEN.PA,,2016-01-31,Q1,20332750,6206000.0,14126750,1.4393084042684976,0.0,0.0,0.0,0.0,639500.0,13981250,5815000.0,8160000.0,13505750,1.5054884030875737,6351500.0,3.2012516728331892,0.0,1220250.0,16.66277402171686,643250.0,882500.0,23.039943342776205,0.01,0.01,105690069,105690069,https://www.infogreffe.com/recherche-entreprise-dirigeants/resultats-entreprise-dirigeants.html?ga_cat=globale&ga_q=N.E.O.E.N#phrase=N.E.O.E.N,https://www.infogreffe.com/recherche-entreprise-dirigeants/resultats-entreprise-dirigeants.html?ga_cat=globale&ga_q=N.E.O.E.N#phrase=N.E.O.E.N
0,2015-09-31,NEOEN.PA,,2015-09-31,Q3,14176750,3396000.0,10780750,1.315005913317719,0.0,0.0,0.0,0.0,1078500.0,8711750.0,3442250.0,4254750.0,9486500.0,1.4944131133716334,5465000.0,2.5940988106129916,0.0,381000.0,37.20931758530184,-673500.0,746000.0,19.003686327077748,0.01,0.0075,85817968,99466667,https://www.infogreffe.com/recherche-entreprise-dirigeants/resultats-entreprise-dirigeants.html?ga_cat=globale&ga_q=N.E.O.E.N#phrase=N.E.O.E.N,https://www.infogreffe.com/recherche-entreprise-dirigeants/resultats-entreprise-dirigeants.html?ga_cat=globale&ga_q=N.E.O.E.N#phrase=N.E.O.E.N
0,2015-06-31,NEOEN.PA,,2015-06-31,Q2,14176750,3396000.0,10780750,1.315005913317719,0.0,0.0,0.0,0.0,1078500.0,8711750.0,3442250.0,4254750.0,9486500.0,1.4944131133716334,5465000.0,2.5940988106129916,0.0,381000.0,37.20931758530184,-673500.0,746000.0,19.003686327077748,0.01,0.0075,85817968,99466667,https://www.infogreffe.com/recherche-entreprise-dirigeants/resultats-entreprise-dirigeants.html?ga_cat=globale&ga_q=N.E.O.E.N#phrase=N.E.O.E.N,https://www.infogreffe.com/recherche-entreprise-dirigeants/resultats-entreprise-dirigeants.html?ga_cat=globale&ga_q=N.E.O.E.N#phrase=N.E.O.E.N
0,2015-03-31,NEOEN.PA,,2015-03-31,Q1,14176750,3396000.0,10780750,1.315005913317719,0.0,0.0,0.0,0.0,1078500.0,8711750.0,3442250.0,4254750.0,9486500.0,1.4944131133716334,5465000.0,2.5940988106129916,0.0,381000.0,37.20931758530184,-673500.0,746000.0,19.003686327077748,0.01,0.0075,85817968,99466667,https://www.infogreffe.com/recherche-entreprise-dirigeants/resultats-entreprise-dirigeants.html?ga_cat=globale&ga_q=N.E.O.E.N#phrase=N.E.O.E.N,https://www.infogreffe.com/recherche-entreprise-dirigeants/resultats-entreprise-dirigeants.html?ga_cat=globale&ga_q=N.E.O.E.N#phrase=N.E.O.E.N
0,2015-01-31,NEOEN.PA,,2015-01-31,Q1,14176750,3396000.0,10780750,1.315005913317719,0.0,0.0,0.0,0.0,1078500.0,8711750.0,3442250.0,4254750.0,9486500.0,1.4944131133716334,5465000.0,2.5940988106129916,0.0,381000.0,37.20931758530184,-673500.0,746000.0,19.003686327077748,0.01,0.0075,85817968,99466667,https://www.infogreffe.com/recherche-entreprise-dirigeants/resultats-entreprise-dirigeants.html?ga_cat=globale&ga_q=N.E.O.E.N#phrase=N.E.O.E.N,https://www.infogreffe.com/recherche-entreprise-dirigeants/resultats-entreprise-dirigeants.html?ga_cat=globale&ga_q=N.E.O.E.N#phrase=N.E.O.E.N
