,date,symbol,fillingDate,acceptedDate,period,revenue,costOfRevenue,grossProfit,grossProfitRatio,researchAndDevelopmentExpenses,generalAndAdministrativeExpenses,sellingAndMarketingExpenses,otherExpenses,operatingExpenses,costAndExpenses,interestExpense,depreciationAndAmortization,ebitda,ebitdaratio,operatingIncome,operatingIncomeRatio,totalOtherIncomeExpensesNet,incomeBeforeTax,incomeBeforeTaxRatio,incomeTaxExpense,netIncome,netIncomeRatio,eps,epsdiluted,weightedAverageShsOut,weightedAverageShsOutDil,link,finalLink
0,2020-09-30,YORW,2020-11-06,2020-11-06 10:12:22,Q3,14257000,2659000.0,11598000,0.8134951252016553,0.0,2257000.0,0.0,-382000.0,0.0,7236000.0,1152000.0,0.0,8685000.0,0.6091744406256576,7021000.0,0.39292978887564006,-267000.0,5602000.0,0.39292978887564006,898000.0,4704000.0,0.329943185803465,0.36,0.36,13032389,13033553,https://www.sec.gov/Archives/edgar/data/108985/000010898520000126/0000108985-20-000126-index.htm,https://www.sec.gov/Archives/edgar/data/108985/000010898520000126/form10q.htm
0,2020-06-30,YORW,2020-08-06,2020-08-06 10:05:15,Q2,13320000,2618000.0,10702000,0.8034534534534534,0.0,2072000.0,0.0,-461000.0,0.0,7027000.0,1156000.0,0.0,7875000.0,0.5912162162162162,6293000.0,0.35960960960960964,-347000.0,4790000.0,0.35960960960960964,608000.0,4182000.0,0.313963963963964,0.32,0.32,13022088,13022970,https://www.sec.gov/Archives/edgar/data/108985/000010898520000085/0000108985-20-000085-index.htm,https://www.sec.gov/Archives/edgar/data/108985/000010898520000085/form10q.htm
0,2020-03-31,YORW,2020-05-05 00:00:00,2020-05-05 11:34:12,Q1,12877000,2663000.0,10214000,0.79319717325464,0.0,2244000.0,0.0,-466000.0,0.0,7261000.0,1195000.0,0.0,7174000.0,0.5571173409955735,5616000.0,0.35497398462374774,150000.0,4571000.0,0.35497398462374774,569000.0,4002000.0,0.3107866739147317,0.31,0.31,13009596,13011859,https://www.sec.gov/Archives/edgar/data/108985/000010898520000058/0000108985-20-000058-index.html,https://www.sec.gov/Archives/edgar/data/108985/000010898520000058/form10q.htm
0,2019-12-31,YORW,2020-03-10 00:00:00,2020-03-10 14:15:34,Q4,13019000,2748000.0,10271000,0.7889238804823719,0.0,2336000.0,0.0,-945000.0,0.0,7308000.0,1187000.0,0.0,6704000.0,0.5149397035102542,5711000.0,0.2820493125432061,-852000.0,3672000.0,0.2820493125432061,283000.0,3389000.0,0.2603118519087487,0.0,0.0,0.0,0.0,https://www.sec.gov/Archives/edgar/data/108985/000010898520000027/0000108985-20-000027-index.html,https://www.sec.gov/Archives/edgar/data/108985/000010898520000027/form10k.htm
0,2019-09-30,YORW,2019-11-07 00:00:00,2019-11-07 10:28:10,Q3,13680000,2586000.0,11094000,0.8109649122807018,0.0,2172000.0,0.0,-443000.0,0.0,6965000.0,1314000.0,0.0,8198000.0,0.5992690058479532,6715000.0,0.3709795321637427,-326000.0,5075000.0,0.3709795321637427,592000.0,4483000.0,0.3277046783625731,0.35,0.35,12968540,12970671,https://www.sec.gov/Archives/edgar/data/108985/000010898519000127/0000108985-19-000127-index.html,https://www.sec.gov/Archives/edgar/data/108985/000010898519000127/form10q.htm
0,2019-06-30,YORW,2019-08-02,2019-08-02 10:59:36,Q2,13048000,2646000.0,10402000,0.7972103004291845,0.0,2103000.0,0.0,-484000.0,0.0,6974000.0,1296000.0,0.0,7523000.0,0.5765634580012262,6074000.0,0.3357602697731453,-397000.0,4381000.0,0.3357602697731453,664000.0,3717000.0,0.28487124463519314,0.28,0.28,12955656,12956166,https://www.sec.gov/Archives/edgar/data/108985/000010898519000097/form10q.htm,https://www.sec.gov/Archives/edgar/data/108985/000010898519000097/form10q.htm
0,2019-03-31,YORW,2019-05-07 00:00:00,2019-05-07 10:44:13,Q1,11831000,2407000.0,9424000.0,0.7965514326768659,0.0,1906000.0,0.0,-514000.0,0.0,6545000.0,1327000.0,0.0,6663000.0,0.5631814724030091,5286000.0,0.2970163130758178,-445000.0,3514000.0,0.2970163130758178,701000.0,2813000.0,0.23776519313667482,0.22,0.22,12942342,12943037,https://www.sec.gov/Archives/edgar/data/108985/000010898519000056/0000108985-19-000056-index.html,https://www.sec.gov/Archives/edgar/data/108985/000010898519000056/form10q.htm
0,2018-12-31,YORW,2019-03-12 00:00:00,2019-03-12 11:31:28,Q4,12069000,2473000.0,9596000.0,0.795094871157511,0.0,1902000.0,0.0,-193000.0,0.0,6439000.0,1392000.0,0.0,7212000.0,0.5975640069599801,5630000.0,0.3395476012925677,-140000.0,4098000.0,0.3395476012925677,421000.0,3677000.0,0.30466484381473197,0.0,0.0,0.0,0.0,https://www.sec.gov/Archives/edgar/data/108985/000010898519000026/0000108985-19-000026-index.html,https://www.sec.gov/Archives/edgar/data/108985/000010898519000026/form10k.htm
0,2018-09-30,YORW,2018-11-02 00:00:00,2018-11-02 10:06:28,Q3,12698000,2280000.0,10418000,0.8204441644353442,0.0,1944000.0,0.0,-376000.0,0.0,6269000.0,1377000.0,0.0,7823000.0,0.6160812726413608,6429000.0,0.3724208536777445,-323000.0,4729000.0,0.3724208536777445,929000.0,3800000.0,0.29925972594109307,0.29,0.29,12912833,12913029,https://www.sec.gov/Archives/edgar/data/108985/000010898518000122/0000108985-18-000122-index.html,https://www.sec.gov/Archives/edgar/data/108985/000010898518000122/form10q.htm
0,2018-06-30,YORW,2018-08-02 00:00:00,2018-08-02 09:36:12,Q2,12026000,2563000.0,9463000.0,0.7868784300681856,0.0,2254000.0,0.0,-398000.0,0.0,6708000.0,1376000.0,0.0,6544000.0,0.5441543322800598,5318000.0,0.29727257608514884,-367000.0,3575000.0,0.29727257608514884,270000.0,3305000.0,0.2748212206885082,0.26,0.26,12895687,12895749,https://www.sec.gov/Archives/edgar/data/108985/000010898518000095/0000108985-18-000095-index.html,https://www.sec.gov/Archives/edgar/data/108985/000010898518000095/form10q.htm
0,2018-03-31,YORW,2018-05-08 00:00:00,2018-05-08 11:37:15,Q1,11644000,2354000.0,9290000.0,0.797835795259361,0.0,1995000.0,0.0,-403000.0,0.0,6504000.0,1364000.0,0.0,6578000.0,0.5649261422191687,5140000.0,0.2975781518378564,-311000.0,3465000.0,0.2975781518378564,871000.0,2594000.0,0.22277567846100996,0.2,0.2,12876514,12876624,https://www.sec.gov/Archives/edgar/data/108985/000010898518000056/0000108985-18-000056-index.html,https://www.sec.gov/Archives/edgar/data/108985/000010898518000056/form10q.htm
0,2017-12-31,YORW,2018-03-06 00:00:00,2018-03-06 14:24:32,Q4,12353000,2241000.0,10112000,0.8185865781591516,0.0,2205000.0,0.0,-179000.0,0.0,6413000.0,1360000.0,0.0,7466000.0,0.6043875981542945,5940000.0,0.37521249898810005,55000.0,4635000.0,0.37521249898810005,1108000.0,3527000.0,0.28551768801100946,0.0,0.0,0.0,0.0,https://www.sec.gov/Archives/edgar/data/108985/000010898518000032/0000108985-18-000032-index.html,https://www.sec.gov/Archives/edgar/data/108985/000010898518000032/form10k.htm
0,2017-09-30,YORW,2017-11-02 00:00:00,2017-11-02 09:31:48,Q3,12692000,2362000.0,10330000,0.8138985187519697,0.0,2236000.0,0.0,-73000.0,0.0,6545000.0,1346000.0,0.0,7771000.0,0.6122754491017964,6147000.0,0.39702174598172074,238000.0,5039000.0,0.39702174598172074,1108000.0,3931000.0,0.30972265994327136,0.31,0.31,12847135,12847256,https://www.sec.gov/Archives/edgar/data/108985/000010898517000122/0000108985-17-000122-index.html,https://www.sec.gov/Archives/edgar/data/108985/000010898517000122/form10q.htm
0,2017-06-30,YORW,2017-08-03 00:00:00,2017-08-03 10:01:16,Q2,12254000,2262000.0,9992000.0,0.8154072139709483,0.0,2489000.0,0.0,-94000.0,0.0,6725000.0,1326000.0,0.0,7121000.0,0.5811163701648442,5529000.0,0.3513138566998531,102000.0,4305000.0,0.3513138566998531,1370000.0,2935000.0,0.23951362820303573,0.23,0.23,12839968,12840048,https://www.sec.gov/Archives/edgar/data/108985/000010898517000093/0000108985-17-000093-index.html,https://www.sec.gov/Archives/edgar/data/108985/000010898517000093/form10q.htm
0,2017-03-31,YORW,2017-05-02 00:00:00,2017-05-02 10:05:09,Q1,11290000,2026000.0,9264000.0,0.8205491585473871,0.0,2393000.0,0.0,-126000.0,0.0,6433000.0,1316000.0,0.0,6412000.0,0.5679362267493357,4857000.0,0.3133746678476528,-3000.0,3538000.0,0.3133746678476528,957000.0,2581000.0,0.22860938883968113,0.2,0.2,12851505,12851523,https://www.sec.gov/Archives/edgar/data/108985/000010898517000048/0000108985-17-000048-index.html,https://www.sec.gov/Archives/edgar/data/108985/000010898517000048/form10q.htm
0,2016-12-31,YORW,2017-03-07 00:00:00,2017-03-07 11:03:26,Q4,11885000,2012000.0,9873000.0,0.8307109802271772,0.0,2424000.0,0.0,-174000.0,0.0,6320000.0,1324000.0,0.0,7017000.0,0.5904080774084981,5565000.0,0.3517038283550694,-61000.0,4180000.0,0.3517038283550694,1238000.0,2942000.0,0.24753891459823307,0.0,0.0,0.0,0.0,https://www.sec.gov/Archives/edgar/data/108985/000010898517000024/0000108985-17-000024-index.html,https://www.sec.gov/Archives/edgar/data/108985/000010898517000024/form10k.htm
0,2016-09-30,YORW,2016-11-03 00:00:00,2016-11-03 09:58:58,Q3,12601000,2098000.0,10503000,0.8335052773589398,0.0,2217000.0,0.0,-196000.0,0.0,6187000.0,1320000.0,0.0,7832000.0,0.621537973176732,6414000.0,0.39274660741211015,-145000.0,4949000.0,0.39274660741211015,1378000.0,3571000.0,0.28339020712641855,0.27,0.27,12868333,12868333,https://www.sec.gov/Archives/edgar/data/108985/000010898516000215/0000108985-16-000215-index.html,https://www.sec.gov/Archives/edgar/data/108985/000010898516000215/form10q.htm
0,2016-06-30,YORW,2016-08-03,2016-08-03 09:51:01,Q2,11820000,2028000.0,9792000.0,0.8284263959390863,0.0,2274000.0,0.0,-99000.0,0.0,6125000.0,1316000.0,0.0,7151000.0,0.6049915397631134,5695000.0,0.3660744500846024,-52000.0,4327000.0,0.3660744500846024,1480000.0,2847000.0,0.24086294416243656,0.23,0.23,12849884,12849884,https://www.sec.gov/Archives/edgar/data/108985/000010898516000173/form10q.htm,https://www.sec.gov/Archives/edgar/data/108985/000010898516000173/form10q.htm
0,2016-03-31,YORW,2016-05-03 00:00:00,2016-05-03 09:36:19,Q1,11278000,1893000.0,9385000.0,0.832151090618904,0.0,2214000.0,0.0,-163000.0,0.0,6064000.0,1305000.0,0.0,6678000.0,0.592126263521901,5214000.0,0.33685050540876044,-110000.0,3799000.0,0.33685050540876044,1313000.0,2486000.0,0.22042915410533784,0.19,0.19,12821106,12821106,https://www.sec.gov/Archives/edgar/data/108985/000010898516000148/0000108985-16-000148-index.html,https://www.sec.gov/Archives/edgar/data/108985/000010898516000148/form10q.htm
0,2015-12-31,YORW,2016-03-08 00:00:00,2016-03-08 10:30:51,Q4,11617000,1918000.0,9699000.0,0.8348971335112335,0.0,2378000.0,0.0,9000.0,0.0,6125000.0,1275000.0,0.0,7061000.0,0.6078161315313765,5492000.0,0.36876990617198935,67000.0,4284000.0,0.36876990617198935,768000.0,3516000.0,0.30265989498149265,0.0,0.0,0.0,0.0,https://www.sec.gov/Archives/edgar/data/108985/000010898516000127/0000108985-16-000127-index.html,https://www.sec.gov/Archives/edgar/data/108985/000010898516000127/form10k.htm
0,2015-09-30,YORW,2015-11-06 00:00:00,2015-11-06 09:44:45,Q3,12368000,2060000.0,10308000,0.8334411384217335,0.0,2160000.0,0.0,-216000.0,0.0,6015000.0,1271000.0,0.0,7674000.0,0.6204721862871928,6353000.0,0.3966688227684347,-176000.0,4906000.0,0.3966688227684347,1386000.0,3520000.0,0.2846054333764554,0.28,0.28,12835197,12835197,https://www.sec.gov/Archives/edgar/data/108985/000010898515000100/0000108985-15-000100-index.html,https://www.sec.gov/Archives/edgar/data/108985/000010898515000100/form10q.htm
0,2015-06-30,YORW,2015-08-06 00:00:00,2015-08-06 11:31:14,Q2,11895000,2125000.0,9770000.0,0.8213535098781001,0.0,2303000.0,0.0,-206000.0,0.0,6213000.0,1254000.0,0.0,6981000.0,0.5868852459016394,5682000.0,0.3593947036569987,-153000.0,4275000.0,0.3593947036569987,1350000.0,2925000.0,0.2459016393442623,0.22,0.22,12861823,12861823,https://www.sec.gov/Archives/edgar/data/108985/000010898515000075/0000108985-15-000075-index.html,https://www.sec.gov/Archives/edgar/data/108985/000010898515000075/form10q.htm
0,2015-03-31,YORW,2015-05-05 00:00:00,2015-05-05 10:21:14,Q1,11209000,1963000.0,9246000.0,0.8248728700151664,0.0,2241000.0,0.0,-172000.0,0.0,6075000.0,1253000.0,0.0,6511000.0,0.5808725131590686,5134000.0,0.3358015880096351,-117000.0,3764000.0,0.3358015880096351,1236000.0,2528000.0,0.22553305379605673,0.2,0.2,12836368,12836368,https://www.sec.gov/Archives/edgar/data/108985/000010898515000046/0000108985-15-000046-index.html,https://www.sec.gov/Archives/edgar/data/108985/000010898515000046/form10q.htm
0,2014-12-31,YORW,2015-03-10,2015-03-10 11:16:09,Q4,11499000,1990000.0,9509000.0,0.8269414731715802,0.0,2315000.0,0.0,-717000.0,0.0,6072000.0,1255000.0,0.0,6209000.0,0.5399599965214367,5427000.0,0.30507000608748586,-664000.0,3508000.0,0.30507000608748586,-43000.0,3551000.0,0.3088094616923211,0.0,0.0,0.0,0.0,https://www.sec.gov/Archives/edgar/data/108985/000010898515000022/form10k.htm,https://www.sec.gov/Archives/edgar/data/108985/000010898515000022/form10k.htm
0,2014-09-30,YORW,2014-11-05 00:00:00,2014-11-05 10:26:32,Q3,12062000,2051000.0,10011000,0.829961863704195,0.0,2165000.0,0.0,-222000.0,0.0,5970000.0,1254000.0,0.0,7357000.0,0.6099320179074781,6092000.0,0.4136959044934505,152000.0,4990000.0,0.4136959044934505,1925000.0,3065000.0,0.2541037970485823,0.23,0.23,12823680,12823680,https://www.sec.gov/Archives/edgar/data/108985/000010898514000112/0000108985-14-000112-index.html,https://www.sec.gov/Archives/edgar/data/108985/000010898514000112/form10q.htm
0,2014-06-30,YORW,2014-08-06 00:00:00,2014-08-06 10:05:14,Q2,11768000,2048000.0,9720000.0,0.8259687287559483,0.0,2180000.0,0.0,-102000.0,0.0,5968000.0,1270000.0,0.0,7167000.0,0.6090244731475187,5800000.0,0.38103331067301155,-46000.0,4484000.0,0.38103331067301155,1727000.0,2757000.0,0.23427940176750509,0.22,0.22,12895384,12895384,https://www.sec.gov/Archives/edgar/data/108985/000010898514000083/0000108985-14-000083-index.html,https://www.sec.gov/Archives/edgar/data/108985/000010898514000083/form10q.htm
0,2014-03-31,YORW,2014-05-07 00:00:00,2014-05-07 10:44:47,Q1,10571000,1879000.0,8692000.0,0.8222495506574591,0.0,2152000.0,0.0,-114000.0,0.0,5813000.0,1308000.0,0.0,6121000.0,0.5790369879859995,4758000.0,0.3196480938416422,-71000.0,3379000.0,0.3196480938416422,1268000.0,2111000.0,0.1996972850250686,0.16,0.16,12991478,12991478,https://www.sec.gov/Archives/edgar/data/108985/000010898514000059/0000108985-14-000059-index.html,https://www.sec.gov/Archives/edgar/data/108985/000010898514000059/form10q.htm
0,2013-12-31,YORW,2014-03-11,2014-03-11 10:35:03,Q4,10665000,1858000.0,8807000.0,0.8257852789498359,0.0,1786000.0,0.0,157000.0,0.0,5345000.0,1311000.0,0.0,6920000.0,0.6488513830285982,5320000.0,0.3928738865447726,181000.0,4190000.0,0.3928738865447726,1552000.0,2638000.0,0.2473511486169714,0.0,0.0,0.0,0.0,https://www.sec.gov/Archives/edgar/data/108985/000010898514000027/form10k123113.htm,https://www.sec.gov/Archives/edgar/data/108985/000010898514000027/form10k123113.htm
0,2013-09-30,YORW,2013-11-08 00:00:00,2013-11-08 09:51:58,Q3,10912000,1968000.0,8944000.0,0.8196480938416423,0.0,1847000.0,0.0,-50000.0,0.0,5545000.0,1311000.0,0.0,6754000.0,0.6189516129032258,5367000.0,0.36831011730205276,-37000.0,4019000.0,0.36831011730205276,1484000.0,2535000.0,0.23231304985337242,0.19,0.19,12911795,12911795,https://www.sec.gov/Archives/edgar/data/108985/000010898513000100/0000108985-13-000100-index.html,https://www.sec.gov/Archives/edgar/data/108985/000010898513000100/form10q093013.htm
0,2013-06-30,YORW,2013-08-08 00:00:00,2013-08-08 10:36:32,Q2,10737000,1819000.0,8918000.0,0.8305858247182639,0.0,1845000.0,0.0,-166000.0,0.0,5436000.0,1312000.0,0.0,6635000.0,0.6179565986774704,5301000.0,0.3573623917295334,-152000.0,3837000.0,0.3573623917295334,1495000.0,2342000.0,0.2181242432709323,0.18,0.18,12915259,12915259,https://www.sec.gov/Archives/edgar/data/108985/000010898513000068/0000108985-13-000068-index.html,https://www.sec.gov/Archives/edgar/data/108985/000010898513000068/form10q063013.htm
0,2013-03-31,YORW,2013-05-08 00:00:00,2013-05-08 10:50:23,Q1,10069000,1705000.0,8364000.0,0.8306683881219585,0.0,1928000.0,0.0,-74000.0,0.0,5296000.0,1310000.0,0.0,6063000.0,0.6021451981328831,4773000.0,0.3396563710398252,-43000.0,3420000.0,0.3396563710398252,1281000.0,2139000.0,0.21243420399245208,0.17,0.17,12937549,12937549,https://www.sec.gov/Archives/edgar/data/108985/000010898513000049/0000108985-13-000049-index.html,https://www.sec.gov/Archives/edgar/data/108985/000010898513000049/form10q033113.htm
0,2012-12-31,YORW,2013-03-12 00:00:00,2013-03-12 14:02:39,Q4,10401000,7221000.0,3180000.0,0.30573983270839344,0.0,1815000.0,0.0,0.0,0.0,5088000.0,1314000.0,0.0,6108000.0,0.5872512258436688,5313000.0,0.36448418421305645,-208000.0,3791000.0,0.36448418421305645,1393000.0,2398000.0,0.2305547543505432,0.0,0.0,0.0,0.0,https://www.sec.gov/Archives/edgar/data/108985/000010898513000024/0000108985-13-000024-index.html,https://www.sec.gov/Archives/edgar/data/108985/000010898513000024/form10k123112.htm
0,2012-09-30,YORW,2012-11-07 00:00:00,2012-11-07 09:29:06,Q3,11025000,0.0,11025000,1.0,0.0,1726000.0,0.0,0.0,0.0,5244000.0,1312000.0,0.0,7073000.0,0.6415419501133787,5781000.0,0.40417233560090704,-13000.0,4456000.0,0.40417233560090704,1696000.0,2760000.0,0.2503401360544218,0.22,0.22,12861011,12861011,https://www.sec.gov/Archives/edgar/data/108985/000010898512000089/0000108985-12-000089-index.html,https://www.sec.gov/Archives/edgar/data/108985/000010898512000089/form10q093012.htm
0,2012-06-30,YORW,2012-08-08 00:00:00,2012-08-08 09:50:31,Q2,10352000,0.0,10352000,1.0,0.0,1862000.0,0.0,0.0,0.0,5300000.0,1313000.0,0.0,6336000.0,0.6120556414219475,5052000.0,0.34688948995363217,-148000.0,3591000.0,0.34688948995363217,1387000.0,2204000.0,0.21290571870170016,0.17,0.17,12831919,12831919,https://www.sec.gov/Archives/edgar/data/108985/000010898512000069/0000108985-12-000069-index.html,https://www.sec.gov/Archives/edgar/data/108985/000010898512000069/form10q063012.htm
0,2012-03-31,YORW,2012-05-08 00:00:00,2012-05-08 10:17:13,Q1,9669000.0,0.0,9669000.0,1.0,0.0,1900000.0,0.0,0.0,0.0,5242000.0,1310000.0,0.0,5706000.0,0.5901334160719827,4427000.0,0.3176129899679388,-46000.0,3071000.0,0.3176129899679388,1130000.0,1941000.0,0.20074464784362395,0.15,0.15,12801706,12801706,https://www.sec.gov/Archives/edgar/data/108985/000010898512000049/0000108985-12-000049-index.html,https://www.sec.gov/Archives/edgar/data/108985/000010898512000049/form10q033112.htm
0,2011-12-31,YORW,2012-03-12 00:00:00,2012-03-12 16:03:09,Q4,10081000,0.0,10081000,1.0,0.0,1748000.0,0.0,0.0,0.0,5233000.0,1311000.0,0.0,6086000.0,0.6037099494097807,4848000.0,0.32486856462652514,-262000.0,3275000.0,0.32486856462652514,1152000.0,2123000.0,0.2105941870846146,0.0,0.0,0.0,0.0,https://www.sec.gov/Archives/edgar/data/108985/000010898512000022/0000108985-12-000022-index.html,https://www.sec.gov/Archives/edgar/data/108985/000010898512000022/form10k123111.htm
0,2011-09-30,YORW,2011-11-07 00:00:00,2011-11-07 16:18:45,Q3,10451000,0.0,10451000,1.0,0.0,1753000.0,0.0,0.0,0.0,5172000.0,1313000.0,0.0,6500000.0,0.6219500526265429,5279000.0,0.3555640608554205,-250000.0,3716000.0,0.3555640608554205,1352000.0,2364000.0,0.2261984499090996,0.19,0.19,12747915,12747915,https://www.sec.gov/Archives/edgar/data/108985/000010898511000111/0000108985-11-000111-index.html,https://www.sec.gov/Archives/edgar/data/108985/000010898511000111/form10q093011.htm
0,2011-06-30,YORW,2011-08-08 00:00:00,2011-08-08 16:33:53,Q2,10452000,0.0,10452000,1.0,0.0,1950000.0,0.0,0.0,0.0,5290000.0,1315000.0,0.0,6389000.0,0.6112705702257941,5162000.0,0.35868733256792956,-98000.0,3749000.0,0.35868733256792956,1291000.0,2458000.0,0.23517030233448144,0.19,0.19,12720819,12720819,https://www.sec.gov/Archives/edgar/data/108985/000010898511000092/0000108985-11-000092-index.html,https://www.sec.gov/Archives/edgar/data/108985/000010898511000092/form10q063011.htm
0,2011-03-31,YORW,2011-05-06 00:00:00,2011-05-06 09:54:29,Q1,9645000.0,0.0,9645000.0,1.0,0.0,1858000.0,0.0,0.0,0.0,5059000.0,1315000.0,0.0,5805000.0,0.6018662519440124,4586000.0,0.34245723172628306,32000.0,3303000.0,0.34245723172628306,1164000.0,2139000.0,0.22177293934681183,0.17,0.17,12695604,12695604,https://www.sec.gov/Archives/edgar/data/108985/000010898511000063/0000108985-11-000063-index.html,https://www.sec.gov/Archives/edgar/data/108985/000010898511000063/form10q033111.htm
0,2010-12-31,YORW,2011-03-08,2011-03-08 11:49:51,Q4,9754000.0,0.0,9754000.0,1.0,0.0,1750000.0,0.0,0.0,0.0,4911000.0,1309000.0,0.0,6000000.0,0.6151322534344884,4843000.0,0.35021529628870207,-118000.0,3416000.0,0.35021529628870207,1340000.0,2076000.0,0.212835759688333,0.0,0.0,0.0,0.0,https://www.sec.gov/Archives/edgar/data/108985/000010898511000030/form10k123110.htm,https://www.sec.gov/Archives/edgar/data/108985/000010898511000030/form10k123110.htm
0,2010-09-30,YORW,2010-11-05 00:00:00,2010-11-05 14:39:52,Q3,10487000,0.0,10487000,1.0,0.0,1649000.0,0.0,0.0,0.0,4883000.0,1193000.0,0.0,6754000.0,0.6440354724897492,5604000.0,0.4108896729283875,-102000.0,4309000.0,0.4108896729283875,1639000.0,2670000.0,0.25460093449032134,0.21,0.21,12648338,12648338,https://www.sec.gov/Archives/edgar/data/108985/000010898510000092/0000108985-10-000092-index.html,https://www.sec.gov/Archives/edgar/data/108985/000010898510000092/form10q093010.htm
0,2010-06-30,YORW,2010-08-06 00:00:00,2010-08-06 14:11:39,Q2,9748000.0,0.0,9748000.0,1.0,0.0,1643000.0,0.0,0.0,0.0,4703000.0,1201000.0,0.0,6187000.0,0.6346942962659007,5045000.0,0.3874640951990152,-67000.0,3777000.0,0.3874640951990152,1433000.0,2344000.0,0.24045958145260565,0.18,0.18,12613839,12613839,https://www.sec.gov/Archives/edgar/data/108985/000010898510000067/0000108985-10-000067-index.html,https://www.sec.gov/Archives/edgar/data/108985/000010898510000067/form10q063010.htm
0,2010-03-31,YORW,2010-05-07 00:00:00,2010-05-07 14:09:30,Q1,9016000.0,0.0,9016000.0,1.0,0.0,1683000.0,0.0,0.0,0.0,4741000.0,1203000.0,0.0,5418000.0,0.6009316770186336,4275000.0,0.3332963620230701,-67000.0,3005000.0,0.3332963620230701,1166000.0,1839000.0,0.20397071872227152,0.15,0.15,12571066,12571066,https://www.sec.gov/Archives/edgar/data/108985/000010898510000048/0000108985-10-000048-index.html,https://www.sec.gov/Archives/edgar/data/108985/000010898510000048/form10q033110.htm
0,2009-12-31,YORW,2010-03-11 00:00:00,2010-03-11 10:48:23,Q4,9309000.0,0.0,9309000.0,1.0,0.0,1830000.0,0.0,0.0,0.0,4956000.0,1203000.0,0.0,5476000.0,0.588247932108712,4353000.0,0.3355892147384252,-26000.0,3124000.0,0.3355892147384252,1113000.0,2011000.0,0.2160275002685573,0.0,0.0,0.0,0.0,https://www.sec.gov/Archives/edgar/data/108985/000010898510000022/0000108985-10-000022-index.html,https://www.sec.gov/Archives/edgar/data/108985/000010898510000022/form10k123109.htm
0,2009-09-30,YORW,2009-11-09 00:00:00,2009-11-09 10:29:39,Q3,9750000.0,0.0,9750000.0,1.0,0.0,1708000.0,0.0,0.0,0.0,4914000.0,1254000.0,0.0,5966000.0,0.611897435897436,4836000.0,0.3513846153846154,-156000.0,3426000.0,0.3513846153846154,1335000.0,2091000.0,0.21446153846153845,0.18,0.18,11455817,11455817,https://www.sec.gov/Archives/edgar/data/108985/000010898509000104/0000108985-09-000104-index.html,https://www.sec.gov/Archives/edgar/data/108985/000010898509000104/form10q093009.htm
0,2009-06-30,YORW,2009-08-07 00:00:00,2009-08-07 14:37:34,Q2,9210000.0,0.0,9210000.0,1.0,0.0,1712000.0,0.0,0.0,0.0,4982000.0,1262000.0,0.0,5318000.0,0.577415852334419,4228000.0,0.33485342019543973,118000.0,3084000.0,0.33485342019543973,1171000.0,1913000.0,0.20770901194353963,0.17,0.17,11410981,11410981,https://www.sec.gov/Archives/edgar/data/108985/000010898509000073/0000108985-09-000073-index.html,https://www.sec.gov/Archives/edgar/data/108985/000010898509000073/form10q063009.htm
0,2009-03-31,YORW,2009-05-08 00:00:00,2009-05-08 15:39:13,Q1,8774000.0,0.0,8774000.0,1.0,0.0,1851000.0,0.0,0.0,0.0,4803000.0,1271000.0,0.0,5040000.0,0.5744244358331434,3971000.0,0.2800319124686574,-243000.0,2457000.0,0.2800319124686574,960000.0,1497000.0,0.17061773421472531,0.13,0.13,11374131,11374131,https://www.sec.gov/Archives/edgar/data/108985/000010898509000052/0000108985-09-000052-index.html,https://www.sec.gov/Archives/edgar/data/108985/000010898509000052/form10q033109.htm
0,2008-12-31,YORW,2009-03-11 00:00:00,2009-03-11 15:50:55,Q4,8904000.0,0.0,0.0,0.0,0.0,1739000.0,0.0,0.0,0.0,4574000.0,0.0,0.0,5568000.0,0.6253369272237197,4330000.0,0.35377358490566035,-325000.0,3150000.0,0.35377358490566035,1185000.0,1965000.0,0.22068733153638814,0.0,0.0,0.0,0.0,https://www.sec.gov/Archives/edgar/data/108985/000010898509000023/0000108985-09-000023-index.html,https://www.sec.gov/Archives/edgar/data/108985/000010898509000023/form10k123108.htm
0,2008-09-30,YORW,2008-11-07 00:00:00,2008-11-07 15:40:08,Q3,8566000.0,0.0,8566000.0,1.0,0.0,1588000.0,0.0,0.0,0.0,4541000.0,1425000.0,0.0,5010000.0,0.5848704179313565,4025000.0,0.31625029185150594,-48000.0,2709000.0,0.31625029185150594,969000.0,1740000.0,0.20312864814382442,0.15,0.15,11302064,11302064,https://www.sec.gov/Archives/edgar/data/108985/000010898508000086/0000108985-08-000086-index.html,https://www.sec.gov/Archives/edgar/data/108985/000010898508000086/form10q0903008.htm
0,2008-06-30,YORW,2008-08-08 00:00:00,2008-08-08 14:59:17,Q2,7862000.0,0.0,0.0,0.0,0.0,1596000.0,0.0,0.0,0.0,4465000.0,0.0,0.0,4340000.0,0.5520223861612821,3397000.0,0.2982701602645637,-57000.0,2345000.0,0.2982701602645637,825000.0,1520000.0,0.19333502925464258,0.13,0.13,11692308,11692308,https://www.sec.gov/Archives/edgar/data/108985/000010898508000066/0000108985-08-000066-index.html,https://www.sec.gov/Archives/edgar/data/108985/000010898508000066/form10q063008.htm
0,2008-03-31,YORW,2008-05-09 00:00:00,2008-05-09 09:34:46,Q1,7506000.0,0.0,0.0,0.0,0.0,1762000.0,0.0,0.0,0.0,4514000.0,0.0,0.0,4021000.0,0.5357047695177192,2992000.0,0.24713562483346657,-143000.0,1855000.0,0.24713562483346657,649000.0,1206000.0,0.1606714628297362,0.11,0.11,10963636,10963636,https://www.sec.gov/Archives/edgar/data/108985/000010898508000041/0000108985-08-000041-index.html,https://www.sec.gov/Archives/edgar/data/108985/000010898508000041/form10q033108.htm
0,2007-12-31,YORW,2008-03-11,2008-03-11 10:48:22,Q4,7806000.0,0.0,0.0,0.0,0.0,1538000.0,0.0,0.0,0.0,4351000.0,0.0,0.0,4161000.0,0.5330514988470407,3455000.0,0.32949013579297975,117000.0,2572000.0,0.32949013579297975,902000.0,1670000.0,0.21393799641301564,0.0,0.0,0.0,0.0,https://www.sec.gov/Archives/edgar/data/108985/000010898508000021/form10k123107.htm,https://www.sec.gov/Archives/edgar/data/108985/000010898508000021/form10k123107.htm
0,2007-09-30,YORW,2007-11-08 00:00:00,2007-11-08 13:27:13,Q3,8280000.0,0.0,0.0,0.0,0.0,1543000.0,0.0,0.0,0.0,4366000.0,0.0,0.0,4822000.0,0.5823671497584542,3914000.0,0.34806763285024156,-32000.0,2882000.0,0.34806763285024156,1125000.0,1757000.0,0.21219806763285023,0.15,0.15,11713333,11713333,https://www.sec.gov/Archives/edgar/data/108985/000010898507000140/0000108985-07-000140-index.html,https://www.sec.gov/Archives/edgar/data/108985/000010898507000140/form10q093007.htm
0,2007-06-30,YORW,2007-08-09 00:00:00,2007-08-09 08:38:13,Q2,7962000.0,0.0,7962000.0,1.0,0.0,1747000.0,0.0,0.0,0.0,4359000.0,1025000.0,0.0,4411000.0,0.5540065310223562,3603000.0,0.32416478271791005,-41000.0,2581000.0,0.32416478271791005,920000.0,1661000.0,0.2086159256468224,0.15,0.15,11073333,11073333,https://www.sec.gov/Archives/edgar/data/108985/000010898507000084/0000108985-07-000084-index.html,https://www.sec.gov/Archives/edgar/data/108985/000010898507000084/form10q063007.htm
0,2007-03-31,YORW,2007-05-09 00:00:00,2007-05-09 09:19:53,Q1,7385000.0,0.0,0.0,0.0,0.0,1678000.0,0.0,0.0,0.0,4193000.0,0.0,0.0,4139000.0,0.5604603926878808,3192000.0,0.28043331076506434,-186000.0,2071000.0,0.28043331076506434,745000.0,1326000.0,0.17955314827352742,0.12,0.12,11050000,11050000,https://www.sec.gov/Archives/edgar/data/108985/000010898507000050/0000108985-07-000050-index.html,https://www.sec.gov/Archives/edgar/data/108985/000010898507000050/mainbody10q033107.htm
0,2006-12-31,YORW,2007-03-15,2007-03-15 12:04:23,Q4,7363000.0,0.0,7363000.0,1.0,0.0,1823000.0,0.0,0.0,0.0,4239000.0,1106000.0,0.0,3726000.0,0.5060437321743855,3124000.0,0.3259540947983159,125000.0,2400000.0,0.3259540947983159,773000.0,1627000.0,0.22096971343202498,0.0,0.0,0.0,0.0,https://www.sec.gov/Archives/edgar/data/108985/000010898507000025/mainbody10k123106.htm,https://www.sec.gov/Archives/edgar/data/108985/000010898507000025/mainbody10k123106.htm
0,2006-09-30,YORW,2006-11-09,2006-11-09 08:33:59,Q3,7665000.0,0.0,0.0,0.0,0.0,1483000.0,0.0,0.0,0.0,3989000.0,0.0,0.0,4282000.0,0.5586431833007175,3676000.0,0.35264187866927593,15000.0,2703000.0,0.35264187866927593,964000.0,1739000.0,0.2268754076973255,0.17,0.17,10229412,10229412,https://www.sec.gov/Archives/edgar/data/108985/000010898506000119/mainbody093006.htm,https://www.sec.gov/Archives/edgar/data/108985/000010898506000119/mainbody093006.htm
0,2006-06-30,YORW,2006-08-14,2006-08-14 16:48:51,Q2,7016000.0,0.0,0.0,0.0,0.0,1482000.0,0.0,0.0,0.0,3817000.0,0.0,0.0,3835000.0,0.5466077537058153,3199000.0,0.3179874572405929,-1000.0,2231000.0,0.3179874572405929,765000.0,1466000.0,0.20895096921322692,0.14,0.14,10471429,10471429,https://www.sec.gov/Archives/edgar/data/108985/000010898506000084/mainbody063006.htm,https://www.sec.gov/Archives/edgar/data/108985/000010898506000084/mainbody063006.htm
0,2006-03-31,YORW,2006-05-09,2006-05-09 09:01:28,Q1,6614000.0,0.0,0.0,0.0,0.0,1386000.0,0.0,0.0,0.0,3709000.0,0.0,0.0,3568000.0,0.5394617478076806,2905000.0,0.2952827335954037,-29000.0,1953000.0,0.2952827335954037,694000.0,1259000.0,0.19035379498034471,0.12,0.12,10491667,10491667,https://www.sec.gov/Archives/edgar/data/108985/000010898506000024/mainbody123105.htm,https://www.sec.gov/Archives/edgar/data/108985/000010898506000024/mainbody123105.htm
0,2005-12-31,YORW,2006-03-14,2006-03-14 15:25:29,Q4,6669152.0,0.0,6669152.0,1.0,0.0,1344493.0,0.0,0.0,0.0,3539609.0,937675.0,0.0,3930830.0,0.5894047699017806,3129543.0,0.32302832504042495,-108495.0,2154325.0,0.32302832504042495,764628.0,1389697.0,0.20837686710394365,0.0,0.0,0.0,0.0,https://www.sec.gov/Archives/edgar/data/108985/000010898506000024/mainbody123105.htm,https://www.sec.gov/Archives/edgar/data/108985/000010898506000024/mainbody123105.htm
0,2005-09-30,YORW,2005-11-09,2005-11-09 08:47:36,Q3,7207240.0,0.0,0.0,0.0,0.0,1382047.0,0.0,0.0,0.0,3572288.0,0.0,0.0,4220306.0,0.5855647931801911,3634952.0,0.3868997008563611,3316.0,2788479.0,0.3868997008563611,1053374.0,1735105.0,0.2407447233615087,0.166667,0.166667,10410630,10410630,https://www.sec.gov/Archives/edgar/data/108985/000010898505000142/mainbody093005.htm,https://www.sec.gov/Archives/edgar/data/108985/000010898505000142/mainbody093005.htm
0,2005-06-30,YORW,2005-08-08,2005-08-08 11:44:11,Q2,6694281.0,0.0,6694281.0,1.0,0.0,1357168.0,0.0,0.0,0.0,3502513.0,891844.0,0.0,3770932.0,0.5633064999811033,3191768.0,0.34833300245388565,9588.0,2331839.0,0.34833300245388565,853810.0,1478029.0,0.22078980550711869,0.14,0.14,10557350,10557350,https://www.sec.gov/Archives/edgar/data/108985/000010898505000111/mainbody063005.htm,https://www.sec.gov/Archives/edgar/data/108985/000010898505000111/mainbody063005.htm
0,2005-03-31,YORW,2005-05-09,2005-05-09 13:38:32,Q1,6234327.0,0.0,0.0,0.0,0.0,1348292.0,0.0,0.0,0.0,3402590.0,0.0,0.0,3473732.0,0.5571943852159182,2831737.0,0.31139800655307304,-53409.0,1941357.0,0.31139800655307304,711188.0,1230169.0,0.19732186008209066,0.12,0.12,10251408,10251408,https://www.sec.gov/Archives/edgar/data/108985/000010898505000043/mainbody123104.htm,https://www.sec.gov/Archives/edgar/data/108985/000010898505000043/mainbody123104.htm
0,2004-12-31,YORW,2005-03-15 00:00:00,2005-03-15 10:50:09,Q4,6073557.0,0.0,0.0,0.0,0.0,1283084.0,0.0,0.0,0.0,2550144.0,0.0,0.0,4678007.0,0.7702252567976229,3523413.0,0.3723491851644761,-634532.0,2261484.0,0.3723491851644761,826802.0,1434682.0,0.23621775509804221,0.0,0.0,0.0,0.0,https://www.sec.gov/Archives/edgar/data/108985/000010898505000043/0000108985-05-000043-index.html,https://www.sec.gov/Archives/edgar/data/108985/000010898505000043/mainbody123104.htm
0,2004-09-30,YORW,2004-11-08 00:00:00,2004-11-08 15:33:15,Q3,5569128.0,0.0,0.0,0.0,0.0,1170481.0,0.0,0.0,0.0,3159826.0,0.0,0.0,2921806.0,0.5246433552972746,2409302.0,0.3508800659636482,-38569.0,1954096.0,0.3508800659636482,715226.0,1238870.0,0.22245313808553152,0.12,0.12,10323917,10323917,https://www.sec.gov/Archives/edgar/data/108985/000010898504000127/0000108985-04-000127-index.html,https://www.sec.gov/Archives/edgar/data/108985/000010898504000127/mainbody093004.htm
0,2004-06-30,YORW,2004-08-06 00:00:00,2004-08-06 13:32:42,Q2,5497962.0,0.0,0.0,0.0,0.0,1170845.0,0.0,0.0,0.0,3132210.0,0.0,0.0,3022500.0,0.549749161598425,2365752.0,0.2952668643399136,-182813.0,1623366.0,0.2952668643399136,573576.0,1049790.0,0.19094166165571896,0.106667,0.106667,9841781.0,9841781.0,https://www.sec.gov/Archives/edgar/data/108985/000010898504000104/0000108985-04-000104-index.html,https://www.sec.gov/Archives/edgar/data/108985/000010898504000104/mainbody063004.htm
0,2004-03-31,YORW,2004-05-07 00:00:00,2004-05-07 13:29:59,Q1,5363365.0,0.0,5363365.0,1.0,0.0,1134915.0,0.0,0.0,0.0,3010082.0,731464.0,0.0,2139621.0,0.3989325731140804,2353283.0,0.4685131442667057,687597.0,2512807.0,0.4685131442667057,935626.0,1577181.0,0.2940655726395649,0.166667,0.166667,9463086.0,9463086.0,https://www.sec.gov/Archives/edgar/data/108985/000010898504000058/0000108985-04-000058-index.html,https://www.sec.gov/Archives/edgar/data/108985/000010898504000058/mainbody033104.htm
0,2003-12-31,YORW,2004-03-12 00:00:00,2004-03-12 13:47:04,Q4,5296856.0,0.0,5296856.0,1.0,0.0,1059464.0,0.0,0.0,0.0,2900195.0,717001.0,0.0,2828906.0,0.5340726649922143,2396661.0,0.3410202202967194,12423.0,1806335.0,0.3410202202967194,659441.0,1146894.0,0.21652353773634775,0.0,0.0,0.0,0.0,https://www.sec.gov/Archives/edgar/data/108985/000010898504000021/0000108985-04-000021-index.html,https://www.sec.gov/Archives/edgar/data/108985/000010898504000021/yorkwater10k.htm
0,2003-09-30,YORW,2003-11-10 00:00:00,2003-11-10 13:34:03,Q3,5786066.0,0.0,5786066.0,1.0,0.0,1065592.0,0.0,0.0,0.0,2930032.0,712080.0,0.0,3245040.0,0.5608370177595624,2856034.0,0.396103673895182,55662.0,2291882.0,0.396103673895182,797671.0,1494211.0,0.2582429927346145,0.16,0.16,9338819.0,9338819.0,https://www.sec.gov/Archives/edgar/data/108985/000010898503000055/0000108985-03-000055-index.html,https://www.sec.gov/Archives/edgar/data/108985/000010898503000055/sept0310q.txt
0,2003-06-30,YORW,2003-08-11 00:00:00,2003-08-11 15:57:14,Q2,5047674.0,0.0,0.0,0.0,0.0,990372.0,0.0,0.0,0.0,2833585.0,0.0,0.0,2630512.0,0.5211334963391059,2214089.0,0.31641920615317076,28245.0,1597181.0,0.31641920615317076,547560.0,1049621.0,0.20794151920270604,0.106667,0.106667,9840197.0,9840197.0,https://www.sec.gov/Archives/edgar/data/108985/000010898503000034/0000108985-03-000034-index.html,https://www.sec.gov/Archives/edgar/data/108985/000010898503000034/june0310q.txt
0,2003-03-31,YORW,2003-05-12 00:00:00,2003-05-12 17:07:31,Q1,4757940.0,0.0,0.0,0.0,0.0,1137678.0,0.0,0.0,0.0,2891145.0,0.0,0.0,2395294.0,0.5034308965644796,1866795.0,0.23698239153919554,-83831.0,1127548.0,0.23698239153919554,369978.0,757570.0,0.1592222684607204,0.08,0.08,9469625.0,9469625.0,https://www.sec.gov/Archives/edgar/data/108985/000010898503000010/0000108985-03-000010-index.html,https://www.sec.gov/Archives/edgar/data/108985/000010898503000010/march0310q.txt
0,2002-12-31,YORW,2003-03-28 00:00:00,2003-03-28 10:50:28,Q4,4721137.0,0.0,0.0,0.0,0.0,968236.0,0.0,0.0,0.0,2829442.0,0.0,0.0,2262098.0,0.4791426302604648,1891695.0,0.2691468178110485,45470.0,1270679.0,0.2691468178110485,392256.0,878423.0,0.18606174741381154,0.0,0.0,0.0,0.0,https://www.sec.gov/Archives/edgar/data/108985/000010898503000006/0000108985-03-000006-index.html,https://www.sec.gov/Archives/edgar/data/108985/000010898503000006/sec10k03.txt
0,2002-09-30,YORW,2002-11-12 00:00:00,2002-11-12 13:08:59,Q3,5276135.0,0.0,0.0,0.0,0.0,973901.0,0.0,0.0,0.0,2891749.0,0.0,0.0,2747155.0,0.5206756460932103,2384386.0,0.33513793714527773,53105.0,1768233.0,0.33513793714527773,652690.0,1115543.0,0.2114318530515235,0.12,0.12,9296192.0,9296192.0,https://www.sec.gov/Archives/edgar/data/108985/000010898502000017/0000108985-02-000017-index.html,https://www.sec.gov/Archives/edgar/data/108985/000010898502000017/sept10q.txt
0,2002-06-30,YORW,2002-08-12 00:00:00,2002-08-12 08:49:33,Q2,4876305.0,0.0,4876305.0,1.0,0.0,1130658.0,0.0,0.0,0.0,2894110.0,705940.0,0.0,2240744.0,0.4595167857629906,1982195.0,0.3003858454300951,157325.0,1464773.0,0.3003858454300951,543839.0,920934.0,0.18885898236472082,0.1,0.1,9209340.0,9209340.0,https://www.sec.gov/Archives/edgar/data/108985/000010898502000013/0000108985-02-000013-index.html,https://www.sec.gov/Archives/edgar/data/108985/000010898502000013/june10q.txt
0,2002-03-31,YORW,2002-05-13 00:00:00,2002-05-13 14:43:34,Q1,4679634.0,0.0,0.0,0.0,0.0,976701.0,0.0,0.0,0.0,2604691.0,0.0,0.0,2564146.0,0.5479372959509227,2074943.0,0.2821261235387212,-73330.0,1320247.0,0.2821261235387212,444800.0,875447.0,0.18707595508537633,0.093333,0.093333,9379789.0,9379789.0,https://www.sec.gov/Archives/edgar/data/108985/000010898502000011/0000108985-02-000011-index.html,https://www.sec.gov/Archives/edgar/data/108985/000010898502000011/march10q.txt
0,2001-12-31,YORW,2002-03-26 00:00:00,2002-03-26 00:00:00,Q4,5033426.0,0.0,0.0,0.0,0.0,1158890.0,0.0,0.0,0.0,2974831.0,0.0,0.0,2249075.0,0.44682786634789107,2058595.0,0.31685913332191634,202381.0,1594887.0,0.31685913332191634,611404.0,983483.0,0.19539037625664904,0.0,0.0,0.0,0.0,https://www.sec.gov/Archives/edgar/data/108985/000010898502000007/0000108985-02-000007-index.html,https://www.sec.gov/Archives/edgar/data/108985/000010898502000007/asci10k.txt
0,2001-09-30,YORW,2001-11-13 00:00:00,2001-11-13 00:00:00,Q3,5110284.0,0.0,0.0,0.0,0.0,839011.0,0.0,0.0,0.0,2175390.0,0.0,0.0,3349203.0,0.6553849062009078,2934894.0,0.4071415600385419,-122743.0,2080609.0,0.4071415600385419,716914.0,1363695.0,0.2668530750932825,0.15,0.15,9091300.0,9091300.0,https://www.sec.gov/Archives/edgar/data/108985/000010898501500032/0000108985-01-500032-index.html,https://www.sec.gov/Archives/edgar/data/108985/000010898501500032/sept10q.txt
0,2001-06-30,YORW,2001-08-13 00:00:00,2001-08-13 00:00:00,Q2,4763382.0,0.0,0.0,0.0,0.0,996516.0,0.0,0.0,0.0,2759622.0,0.0,0.0,2377656.0,0.49915291278339635,2003760.0,0.28338415856632954,71430.0,1349867.0,0.28338415856632954,493178.0,856689.0,0.17984889727508732,0.093333,0.093333,9178811.0,9178811.0,https://www.sec.gov/Archives/edgar/data/108985/000010898501500028/0000108985-01-500028-index.html,https://www.sec.gov/Archives/edgar/data/108985/000010898501500028/june10q.txt
0,2001-03-31,YORW,2001-05-11 00:00:00,2001-05-11 00:00:00,Q1,4495450.0,0.0,0.0,0.0,0.0,927181.0,0.0,0.0,0.0,2558062.0,0.0,0.0,2370609.0,0.527335194474413,1937388.0,0.26988288158026447,8468.0,1213245.0,0.26988288158026447,411045.0,802200.0,0.17844709650869212,0.086667,0.086667,9256154.0,9256154.0,https://www.sec.gov/Archives/edgar/data/108985/000010898501500022/0000108985-01-500022-index.html,https://www.sec.gov/Archives/edgar/data/108985/000010898501500022/march.txt
0,2000-12-31,YORW,2001-03-30 00:00:00,2001-03-30 00:00:00,Q4,4624850.0,0.0,4624850.0,1.0,0.0,852661.0,0.0,0.0,0.0,2632669.0,729750.0,0.0,2363835.0,0.5111160361957685,1992181.0,0.28671329880969115,46775.0,1326006.0,0.28671329880969115,448163.0,877843.0,0.1898100478934452,0.0,0.0,0.0,0.0,https://www.sec.gov/Archives/edgar/data/108985/000010898501500017/0000108985-01-500017-index.html,https://www.sec.gov/Archives/edgar/data/108985/000010898501500017/ten-k.txt
0,2000-09-30,YORW,2000-11-09 00:00:00,2000-11-09 00:00:00,Q3,4746370.0,0.0,0.0,0.0,0.0,811496.0,0.0,0.0,0.0,2241793.0,0.0,0.0,2883178.0,0.607449061071935,2504577.0,0.38648061571263936,39828.0,1834380.0,0.38648061571263936,692611.0,1141769.0,0.24055625667615463,0.126667,0.126667,9013966.0,9013966.0,https://www.sec.gov/Archives/edgar/data/108985/000010898500000019/0000108985-00-000019-index.html,https://www.sec.gov/Archives/edgar/data/108985/000010898500000019/0000108985-00-000019-0001.txt
0,2000-06-30,YORW,2000-08-11 00:00:00,2000-08-11 00:00:00,Q2,4608768.0,0.0,0.0,0.0,0.0,836204.0,0.0,0.0,0.0,2536332.0,0.0,0.0,2447164.0,0.5309800797089373,2072436.0,0.30823486884130424,43700.0,1420583.0,0.30823486884130424,485691.0,934892.0,0.2028507401544187,0.103333,0.103333,9047342.0,9047342.0,https://www.sec.gov/Archives/edgar/data/108985/000010898500000014/0000108985-00-000014-index.html,https://www.sec.gov/Archives/edgar/data/108985/000010898500000014/0000108985-00-000014-0001.txt
0,2000-03-31,YORW,2000-05-12 00:00:00,2000-05-12 00:00:00,Q1,4501175.0,0.0,0.0,0.0,0.0,886528.0,0.0,0.0,0.0,2597830.0,0.0,0.0,2286074.0,0.5078838303331907,1903345.0,0.2798975822979555,35700.0,1259868.0,0.2798975822979555,456585.0,803283.0,0.17846073525246187,0.09,0.09,8925367.0,8925367.0,https://www.sec.gov/Archives/edgar/data/108985/000010898500000012/0000108985-00-000012-index.html,https://www.sec.gov/Archives/edgar/data/108985/0000108985-00-000012.txt
0,1999-12-31,YORW,2000-03-28 00:00:00,2000-03-28 00:00:00,Q4,4330000.0,0.0,0.0,0.0,0.0,690000.0,0.0,460000.0,2610000.0,2610000.0,-700000.0,380000.0000000001,820000.0000000001,0.189376,1720000.0,0.397229,80000.0,1140000.0,0.263279,330000.0,810000.0,0.187067,0.0901,0.0901,8990000.0,8990000.0,https://www.sec.gov/Archives/edgar/data/108985/000010898500000004/0000108985-00-000004-index.html,https://www.sec.gov/Archives/edgar/data/108985/0000108985-00-000004.txt
0,1999-09-30,YORW,1999-11-12 00:00:00,1999-11-12 00:00:00,Q3,4620000.0,0.0,0.0,0.0,0.0,810000.0,0.0,230000.0,2590000.0,2590000.0,-690000.0,410000.00000000006,1180000.0,0.255411,2030000.0,0.439394,90000.0,1470000.0,0.318182,550000.0,910000.0,0.19697,0.10122,0.10122,8990000.0,8990000.0,https://www.sec.gov/Archives/edgar/data/108985/000010898599000020/0000108985-99-000020-index.html,https://www.sec.gov/Archives/edgar/data/108985/0000108985-99-000020.txt
0,1999-06-30,YORW,1999-08-13 00:00:00,1999-08-13 00:00:00,Q2,4410000.0,0.0,0.0,0.0,0.0,930000.0,0.0,270000.0,2640000.0,2640000.0,-680000.0,420000.0,900000.0,0.204082,1770000.0,0.401361,60000.0,1160000.0,0.263039,430000.0,730000.0,0.165533,0.08391,0.08391,8700000.0,8700000.0,https://www.sec.gov/Archives/edgar/data/108985/000010898599000017/0000108985-99-000017-index.html,https://www.sec.gov/Archives/edgar/data/108985/0000108985-99-000017.txt
0,1999-03-31,YORW,1999-05-12 00:00:00,1999-05-12 00:00:00,Q1,4160000.0,0.0,0.0,0.0,0.0,850000.0,0.0,270000.0,2410000.0,2410000.0,-680000.0,410000.0,830000.0,0.199519,1750000.0,0.420673,20000.0,1100000.0,0.264423,400000.0,700000.0,0.168269,0.07804,0.07804,8970000.0,8970000.0,https://www.sec.gov/Archives/edgar/data/108985/000010898599000015/0000108985-99-000015-index.html,https://www.sec.gov/Archives/edgar/data/108985/0000108985-99-000015.txt
0,1998-12-31,YORW,1999-03-26 00:00:00,1999-03-26 00:00:00,Q4,4250000.0,0.0,0.0,0.0,0.0,780000.0,0.0,220000.0,2410000.0,2410000.0,-690000.0,409999.9999999999,939999.9999999999,0.221176,1840000.0,0.432941,50000.0,1220000.0,0.287059,510000.0,710000.0,0.167059,0.08014,0.08014,8860000.0,8860000.0,https://www.sec.gov/Archives/edgar/data/108985/000010898599000013/0000108985-99-000013-index.html,https://www.sec.gov/Archives/edgar/data/108985/0000108985-99-000013.txt
0,1998-09-30,YORW,1998-11-13 00:00:00,1998-11-13 00:00:00,Q3,4610000.0,0.0,0.0,0.0,0.0,860000.0,0.0,290000.0,2540000.0,2540000.0,-690000.0,410000.00000000006,1190000.0,0.258134,2070000.0,0.449024,70000.0,1470000.0,0.318872,500000.0,970000.0,0.210412,0.10911,0.10911,8890000.0,8890000.0,https://www.sec.gov/Archives/edgar/data/108985/000010898598000011/0000108985-98-000011-index.html,https://www.sec.gov/Archives/edgar/data/108985/0000108985-98-000011.txt
0,1998-06-30,YORW,1998-08-11 00:00:00,1998-08-11 00:00:00,Q2,4260000.0,0.0,0.0,0.0,0.0,750000.0,0.0,260000.0,2470000.0,2470000.0,-690000.0,410000.0,880000.0,0.206573,1790000.0,0.420188,30000.0,1160000.0,0.2723,400000.0,760000.0,0.178404,0.08578,0.08578,8860000.0,8860000.0,https://www.sec.gov/Archives/edgar/data/108985/000010898598000009/0000108985-98-000009-index.html,https://www.sec.gov/Archives/edgar/data/108985/0000108985-98-000009.txt
0,1998-03-31,YORW,1998-05-08 00:00:00,1998-05-08 00:00:00,Q1,4020000.0,0.0,0.0,0.0,0.0,730000.0,0.0,270000.0,2300000.0,2300000.0,-700000.0,410000.0,770000.0,0.191542,1720000.0,0.427861,10000.0,1060000.0,0.263682,360000.0,700000.0,0.174129,0.07928,0.07928,8830000.0,8830000.0,https://www.sec.gov/Archives/edgar/data/108985/000010898598000006/0000108985-98-000006-index.html,https://www.sec.gov/Archives/edgar/data/108985/0000108985-98-000006.txt
0,1997-12-31,YORW,1998-03-30 00:00:00,1998-03-30 00:00:00,Q4,4220000.0,0.0,0.0,0.0,0.0,900000.0,0.0,280000.0,2550000.0,2550000.0,-690000.0,390000.0000000001,720000.0000000001,0.170616,1660000.0,0.393365,40000.0,1010000.0,0.239336,400000.0,620000.0,0.146919,0.07078,0.07078,8760000.0,8760000.0,https://www.sec.gov/Archives/edgar/data/108985/000010898598000002/0000108985-98-000002-index.html,https://www.sec.gov/Archives/edgar/data/108985/0000108985-98-000002.txt
0,1997-09-30,YORW,1997-11-12 00:00:00,1997-11-12 00:00:00,Q3,4610000.0,0.0,0.0,0.0,0.0,820000.0,0.0,260000.0,2540000.0,2540000.0,-680000.0,379999.9999999999,1170000.0,0.253796,2070000.0,0.449024,90000.0,1480000.0,0.321041,520000.0,950000.0,0.206074,0.1087,0.1087,8740000.0,8740000.0,https://www.sec.gov/Archives/edgar/data/108985/000010898597000015/0000108985-97-000015-index.html,https://www.sec.gov/Archives/edgar/data/108985/0000108985-97-000015.txt
0,1997-06-30,YORW,1997-08-11 00:00:00,1997-08-11 00:00:00,Q2,4160000.0,0.0,0.0,0.0,0.0,820000.0,0.0,250000.0,2440000.0,2440000.0,-690000.0,390000.0,810000.0,0.194712,1720000.0,0.413462,70000.0,1100000.0,0.264423,320000.0,790000.0,0.189904,0.09049,0.09049,8730000.0,8730000.0,https://www.sec.gov/Archives/edgar/data/108985/000010898597000013/0000108985-97-000013-index.html,https://www.sec.gov/Archives/edgar/data/108985/0000108985-97-000013.txt
0,1997-03-31,YORW,1997-05-06 00:00:00,1997-05-06 00:00:00,Q1,4010000.0,0.0,0.0,0.0,0.0,700000.0,0.0,260000.0,2150000.0,2150000.0,-700000.0,390000.0,860000.0,0.214464,1860000.0,0.46384,10000.0,1170000.0,0.291771,400000.0,770000.0,0.19202,0.0883,0.0883,8720000.0,8720000.0,https://www.sec.gov/Archives/edgar/data/108985/000010898597000011/0000108985-97-000011-index.html,https://www.sec.gov/Archives/edgar/data/108985/0000108985-97-000011.txt
0,1996-12-31,YORW,1997-03-31 00:00:00,1997-03-31 00:00:00,Q4,4250000.0,0.0,0.0,0.0,0.0,880000.0,0.0,280000.0,2510000.0,2510000.0,-720000.0,340000.0000000001,980000.0000000001,0.230588,1750000.0,0.411765,320000.0,1350000.0,0.317647,400000.0,960000.0,0.225882,0.12183,0.12183,7880000.0,7880000.0,https://www.sec.gov/Archives/edgar/data/108985/000010898597000005/0000108985-97-000005-index.html,https://www.sec.gov/Archives/edgar/data/108985/0000108985-97-000005.txt
0,1996-09-30,YORW,1996-11-14 00:00:00,1996-11-14 00:00:00,Q3,3920000.0,0.0,0.0,0.0,0.0,840000.0,0.0,230000.0,2400000.0,2400000.0,-780000.0,340000.0000000001,380000.0000000001,0.096939,1520000.0,0.387755,80000.0,820000.0,0.209184,280000.0,540000.0,0.137755,0.07031,0.07031,7680000.0,7680000.0,https://www.sec.gov/Archives/edgar/data/108985/000010898596000017/0000108985-96-000017-index.html,https://www.sec.gov/Archives/edgar/data/108985/0000108985-96-000017.txt
0,1996-06-30,YORW,1996-07-24 00:00:00,1996-07-24 00:00:00,Q2,3870000.0,0.0,0.0,0.0,0.0,740000.0,0.0,240000.0,2100000.0,2100000.0,-760000.0,289999.9999999999,589999.9999999999,0.152455,1780000.0,0.459948,40000.0,1060000.0,0.273902,310000.0,750000.0,0.193798,0.09766,0.09766,7680000.0,7680000.0,https://www.sec.gov/Archives/edgar/data/108985/000010898596000015/0000108985-96-000015-index.html,https://www.sec.gov/Archives/edgar/data/108985/0000108985-96-000015.txt
0,1996-03-31,YORW,1996-05-13 00:00:00,1996-05-13 00:00:00,Q1,3670000.0,0.0,0.0,0.0,0.0,770000.0,0.0,260000.0,2220000.0,2220000.0,-760000.0,400000.0,430000.0,0.117166,1460000.0,0.39782,80000.0,790000.0,0.215259,270000.0,520000.0,0.141689,0.0678,0.0678,7670000.0,7670000.0,https://www.sec.gov/Archives/edgar/data/108985/000010898596000014/0000108985-96-000014-index.html,https://www.sec.gov/Archives/edgar/data/108985/0000108985-96-000014.txt
