,date,symbol,fillingDate,acceptedDate,period,revenue,costOfRevenue,grossProfit,grossProfitRatio,researchAndDevelopmentExpenses,generalAndAdministrativeExpenses,sellingAndMarketingExpenses,otherExpenses,operatingExpenses,costAndExpenses,interestExpense,depreciationAndAmortization,ebitda,ebitdaratio,operatingIncome,operatingIncomeRatio,totalOtherIncomeExpensesNet,incomeBeforeTax,incomeBeforeTaxRatio,incomeTaxExpense,netIncome,netIncomeRatio,eps,epsdiluted,weightedAverageShsOut,weightedAverageShsOutDil,link,finalLink
0,2020-06-30,CMS,2020-08-03 00:00:00,2020-08-03 10:58:52,Q2,1443000000,458000000,985000000,0.682606,0.0,0.0,0.0,75000000,712000000,1170000000,-142000000,223000000,244100000,0.169161,273000000,0.189189,31000000,164000000,0.113652,27100000,136000000,0.094248,0.47469,0.47469,286500000,286500000,https://www.sec.gov/Archives/edgar/data/811156/000081115620000012/0000811156-20-000012-index.htm,https://www.sec.gov/Archives/edgar/data/201533/000081115620000012/q22020form10-qcmsxcons.htm
0,2020-03-31,CMS,2020-04-27 00:00:00,2020-04-27 10:24:52,Q1,1864000000,648000000,1216000000,0.652361,0.0,0.0,0.0,114000000,848000000,1496000000,137000000,316000000,726900000,0.389968,368000000,0.197425,27000000,270000000,0.14485,30900000,243000000,0.130365,0.85203,0.85203,285200000,285200000,https://www.sec.gov/Archives/edgar/data/811156/000081115620000007/0000811156-20-000007-index.html,https://www.sec.gov/Archives/edgar/data/201533/000081115620000007/a2020q1form10-qcmsxcon.htm
0,2019-12-31,CMS,2020-02-06 00:00:00,2020-02-06 08:59:52,Q4,1795000000,595000000,1200000000,0.668524,0.0,0.0,0.0,86000000,889000000,1484000000,134000000,263000000,628600000,0.350195,311000000,0.173259,19000000,205000000,0.114206,64600000,167000000,0.093036,0.58679,0.58679,284600000,284600000,https://www.sec.gov/Archives/edgar/data/201533/000081115620000004/0000811156-20-000004-index.html,https://www.sec.gov/Archives/edgar/data/201533/000081115620000004/a2019form10-kxcmsenerg.htm
0,2019-09-30,CMS,2019-10-24,2019-10-24 09:40:42,Q3,1546000000,467000000,1079000000,0.69793,0.0,0.0,0.0,70000000,728000000,1195000000,133000000,215000000,596900000,0.386093,351000000,0.227038,22000000,249000000,0.161061,41900000,207000000,0.133894,0.72734,0.72734,284600000,284600000,https://www.sec.gov/Archives/edgar/data/811156/000081115619000015/consumersenergy10q0930.htm,https://www.sec.gov/Archives/edgar/data/811156/000081115619000015/consumersenergy10q0930.htm
0,2019-06-30,CMS,2019-07-25,2019-07-25 10:12:53,Q2,1445000000,478000000,967000000,0.669204,0.0,0.0,0.0,71000000,749000000,1227000000,131000000,216000000,460000000,0.318339,218000000,0.150865,20000000,114000000,0.078893,20000000,93000000,0.06436,0.32746,0.32746,284000000,284000000,https://www.sec.gov/Archives/edgar/data/811156/000081115619000010/consumersenergy10q0630.htm,https://www.sec.gov/Archives/edgar/data/811156/000081115619000010/consumersenergy10q0630.htm
0,2019-03-31,CMS,2019-04-25,2019-04-25 09:33:57,Q1,2059000000,800000000,1259000000,0.611462,0.0,0.0,0.0,106000000,900000000,1700000000,121000000,298000000,683500000,0.331957,359000000,0.174356,21000000,261000000,0.126761,51500000,213000000,0.103448,0.75106,0.75106,283600000,283600000,https://www.sec.gov/Archives/edgar/data/811156/000081115619000007/consumersenergy10q03312019.htm,https://www.sec.gov/Archives/edgar/data/811156/000081115619000007/consumersenergy10q03312019.htm
0,2018-12-31,CMS,2019-02-05,2019-02-05 07:05:06,Q4,1829000000,708000000,1121000000,0.612903,0.0,0.0,0.0,81000000,871000000,1579000000,121000000,244000000,520000000,0.284308,250000000,0.136687,-11000000,126000000,0.06889,47000000,108000000,0.059049,0.38136,0.38136,283200000,283200000,https://www.sec.gov/Archives/edgar/data/811156/000081115619000003/consumersenergy10k12312018.htm,https://www.sec.gov/Archives/edgar/data/811156/000081115619000003/consumersenergy10k12312018.htm
0,2018-09-30,CMS,2018-10-25 00:00:00,2018-10-25 09:47:32,Q3,1599000000,516000000,1083000000,0.677298,0.0,0.0,0.0,67000000,789000000,1305000000,114000000,206000000,522000000,0.326454,294000000,0.183865,19000000,202000000,0.126329,33000000,169000000,0.105691,0.59675,0.59675,283200000,283200000,https://www.sec.gov/Archives/edgar/data/811156/000081115618000005/0000811156-18-000005-index.html,https://www.sec.gov/Archives/edgar/data/201533/000081115618000005/consumersenergy10q09302018.htm
0,2018-06-30,CMS,2018-07-26 00:00:00,2018-07-26 09:57:25,Q2,1492000000,524000000,968000000,0.648794,0.0,0.0,0.0,68000000,713000000,1237000000,112000000,204000000,480000000,0.321716,255000000,0.170912,13000000,165000000,0.11059,25000000,139000000,0.093164,0.49186,0.49186,282600000,282600000,https://www.sec.gov/Archives/edgar/data/811156/000081115618000003/0000811156-18-000003-index.html,https://www.sec.gov/Archives/edgar/data/201533/000081115618000003/consumersenergy10q06302018.htm
0,2018-03-31,CMS,2018-04-26,2018-04-26 09:45:31,Q1,1953000000,782000000,1171000000,0.59959,0.0,0.0,0.0,87000000,808000000,1590000000,111000000,279000000,671000000,0.343574,363000000,0.185868,23000000,281000000,0.143881,40000000,241000000,0.1234,0.854,0.854,282200000,282200000,https://www.sec.gov/Archives/edgar/data/811156/000110465918026997/a18-8685_110q.htm,https://www.sec.gov/Archives/edgar/data/811156/000110465918026997/a18-8685_110q.htm
0,2017-12-31,CMS,2018-02-14,2018-02-14 10:22:00,Q4,1778000000,649000000,1129000000,0.634983,0.0,0.0,0.0,75000000,750000000,1399000000,110000000,229000000,412000000,0.231721,379000000,0.213161,-54000000,222000000,0.124859,76000000,-3000000.0,-0.001687,-0.01066,-0.01066,281400000,281400000,https://www.sec.gov/Archives/edgar/data/811156/000110465918009493/a18-1030_110k.htm,https://www.sec.gov/Archives/edgar/data/811156/000110465918009493/a18-1030_110k.htm
0,2017-09-30,CMS,2017-10-26 00:00:00,2017-10-26 09:28:28,Q3,1527000000,494000000,1033000000,0.67649,0.0,0.0,0.0,62000000,703000000,1197000000,111000000,193000000,533000000,0.34905,330000000,0.21611,3000000.0,229000000,0.149967,57000000,172000000,0.112639,0.6108,0.6108,281600000,281600000,https://www.sec.gov/Archives/edgar/data/811156/000110465917063902/0001104659-17-063902-index.html,https://www.sec.gov/Archives/edgar/data/201533/000110465917063902/a17-20671_110q.htm
0,2017-06-30,CMS,2017-07-28 00:00:00,2017-07-28 09:40:27,Q2,1449000000,505000000,944000000,0.651484,0.0,0.0,0.0,66000000,703000000,1208000000,110000000,197000000,446000000,0.307798,241000000,0.166322,2000000.0,140000000,0.096618,47000000,92000000,0.063492,0.32822,0.32822,280300000,280300000,https://www.sec.gov/Archives/edgar/data/811156/000110465917047609/0001104659-17-047609-index.html,https://www.sec.gov/Archives/edgar/data/201533/000110465917047609/a17-18026_110q.htm
0,2017-03-31,CMS,2017-05-01,2017-05-01 09:00:25,Q1,1829000000,691000000,1138000000,0.622198,0.0,0.0,0.0,81000000,750000000,1441000000,107000000,262000000,664000000,0.36304,388000000,0.212138,3000000.0,295000000,0.16129,96000000,199000000,0.108803,0.71097,0.71097,279900000,279900000,https://www.sec.gov/Archives/edgar/data/811156/000110465917028195/a17-8845_110q.htm,https://www.sec.gov/Archives/edgar/data/811156/000110465917028195/a17-8845_110q.htm
0,2016-12-31,CMS,2017-02-07,2017-02-07 10:08:29,Q4,1640000000,584000000,1056000000,0.643902,0.0,0.0,0.0,72000000,776000000,1360000000,111000000,214000000,448000000,0.273171,280000000,0.170732,-51000000,124000000,0.07561,46000000,77000000,0.046951,0.28123,0.28123,273800000,273800000,https://www.sec.gov/Archives/edgar/data/811156/000110465917006823/a17-1055_110k.htm,https://www.sec.gov/Archives/edgar/data/811156/000110465917006823/a17-1055_110k.htm
0,2016-09-30,CMS,2016-10-27 00:00:00,2016-10-27 09:56:42,Q3,1587000000,521000000,1066000000,0.671708,0.0,0.0,0.0,62000000,691000000,1212000000,110000000,183000000,574000000,0.361689,375000000,0.236295,7000000.0,281000000,0.177064,95000000,186000000,0.117202,0.66619,0.66619,279200000,279200000,https://www.sec.gov/Archives/edgar/data/811156/000110465916152440/0001104659-16-152440-index.html,https://www.sec.gov/Archives/edgar/data/201533/000110465916152440/a16-17147_110q.htm
0,2016-06-30,CMS,2016-07-28 00:00:00,2016-07-28 10:59:20,Q2,1371000000,477000000,894000000,0.652079,0.0,0.0,0.0,60000000,619000000,1096000000,108000000,176000000,466000000,0.339898,275000000,0.200584,8000000.0,183000000,0.133479,58000000,124000000,0.090445,0.44397,0.44397,279300000,279300000,https://www.sec.gov/Archives/edgar/data/811156/000110465916134878/0001104659-16-134878-index.html,https://www.sec.gov/Archives/edgar/data/201533/000110465916134878/a16-11535_110q.htm
0,2016-03-31,CMS,2016-04-28,2016-04-28 09:32:46,Q1,1801000000,722000000,1079000000,0.599112,0.0,0.0,0.0,87000000,753000000,1475000000,106000000,238000000,582000000,0.323154,326000000,0.181011,10000000,238000000,0.132149,74000000,164000000,0.091061,0.59014,0.59014,277900000,277900000,https://www.sec.gov/Archives/edgar/data/811156/000110465916114973/a16-6613_110q.htm,https://www.sec.gov/Archives/edgar/data/811156/000110465916114973/a16-6613_110q.htm
0,2015-12-31,CMS,2016-02-11,2016-02-11 09:30:53,Q4,1509000000,553000000,956000000,0.633532,0.0,0.0,0.0,62000000,696000000,1249000000,91000000,186000000,443000000,0.293572,260000000,0.1723,-19000000,167000000,0.110669,60000000,106000000,0.070245,0.38253,0.38253,277100000,277100000,https://www.sec.gov/Archives/edgar/data/811156/000110465916095725/a15-23273_110k.htm,https://www.sec.gov/Archives/edgar/data/811156/000110465916095725/a15-23273_110k.htm
0,2015-09-30,CMS,2015-10-29,2015-10-29 10:05:32,Q3,1486000000,465000000,1021000000,0.687079,0.0,0.0,0.0,59000000,704000000,1169000000,101000000,173000000,497000000,0.334455,317000000,0.213324,-1000000.0,223000000,0.150067,75000000,148000000,0.099596,0.53449,0.53449,276900000,276900000,https://www.sec.gov/Archives/edgar/data/811156/000110465915073939/a15-18002_110q.htm,https://www.sec.gov/Archives/edgar/data/811156/000110465915073939/a15-18002_110q.htm
0,2015-06-30,CMS,2015-07-23,2015-07-23 09:24:59,Q2,1350000000,471000000,879000000,0.651111,0.0,0.0,0.0,60000000,675000000,1146000000,103000000,169000000,375000000,0.277778,204000000,0.151111,-1000000.0,104000000,0.077037,36000000,67000000,0.04963,0.24258,0.24258,276200000,276200000,https://www.sec.gov/Archives/edgar/data/811156/000110465915052761/a15-12107_110q.htm,https://www.sec.gov/Archives/edgar/data/811156/000110465915052761/a15-12107_110q.htm
0,2015-03-31,CMS,2015-04-23,2015-04-23 09:37:27,Q1,2111000000,961000000,1150000000,0.544766,0.0,0.0,0.0,81000000,753000000,1714000000,101000000,222000000,625000000,0.296068,397000000,0.188063,-1000000.0,302000000,0.14306,100000000,202000000,0.095689,0.73268,0.73268,275700000,275700000,https://www.sec.gov/Archives/edgar/data/811156/000110465915029577/a15-7888_110q.htm,https://www.sec.gov/Archives/edgar/data/811156/000110465915029577/a15-7888_110q.htm
0,2014-12-31,CMS,2015-02-05,2015-02-05 08:41:56,Q4,1758000000,767000000,991000000,0.563709,0.0,0.0,0.0,64000000,718000000,1485000000,104000000,182000000,437000000,0.248578,273000000,0.15529,-26000000,152000000,0.086462,55000000,96000000,0.054608,0.34808,0.34808,275800000,275800000,https://www.sec.gov/Archives/edgar/data/811156/000110465915006843/a15-1932_110k.htm,https://www.sec.gov/Archives/edgar/data/811156/000110465915006843/a15-1932_110k.htm
0,2014-09-30,CMS,2014-10-23,2014-10-23 09:39:04,Q3,1430000000,494000000,936000000,0.654545,0.0,0.0,0.0,57000000,700000000,1194000000,101000000,153000000,395000000,0.276224,236000000,0.165035,-1000000.0,141000000,0.098601,47000000,94000000,0.065734,0.34219,0.34219,274700000,274700000,https://www.sec.gov/Archives/edgar/data/811156/000110465914073231/a14-19858_110q.htm,https://www.sec.gov/Archives/edgar/data/811156/000110465914073231/a14-19858_110q.htm
0,2014-06-30,CMS,2014-07-24,2014-07-24 09:51:22,Q2,1468000000,568000000,900000000,0.613079,0.0,0.0,0.0,56000000,665000000,1233000000,101000000,151000000,378000000,0.257493,235000000,0.160082,-13000000,127000000,0.086512,43000000,83000000,0.05654,0.30226,0.30226,274600000,274600000,https://www.sec.gov/Archives/edgar/data/811156/000110465914053168/a14-14150_110q.htm,https://www.sec.gov/Archives/edgar/data/811156/000110465914053168/a14-14150_110q.htm
0,2014-03-31,CMS,2014-04-24,2014-04-24 10:16:01,Q1,2523000000,1356000000,1167000000,0.462545,0.0,0.0,0.0,75000000,759000000,2115000000,101000000,199000000,609000000,0.241379,408000000,0.161712,-4000000.0,309000000,0.122473,105000000,204000000,0.080856,0.74725,0.74725,273000000,273000000,https://www.sec.gov/Archives/edgar/data/811156/000110465914029765/a14-9754_110q.htm,https://www.sec.gov/Archives/edgar/data/811156/000110465914029765/a14-9754_110q.htm
0,2013-12-31,CMS,2014-02-06,2014-02-06 09:01:23,Q4,1736000000,726000000,1010000000,0.581797,0.0,0.0,0.0,60000000,746000000,1472000000,99000000,165000000,428000000,0.246544,264000000,0.152074,-4000000.0,164000000,0.09447,62000000,102000000,0.058756,0.3739,0.3739,272800000,272800000,https://www.sec.gov/Archives/edgar/data/811156/000110465914006974/a14-1343_210k.htm,https://www.sec.gov/Archives/edgar/data/811156/000110465914006974/a14-1343_210k.htm
0,2013-09-30,CMS,2013-10-24,2013-10-24 15:10:36,Q3,1445000000,480000000,965000000,0.66782,0.0,0.0,0.0,54000000,648000000,1128000000,99000000,145000000,461000000,0.319031,317000000,0.219377,-5000000.0,218000000,0.150865,91000000,126000000,0.087197,0.46324,0.46324,272000000,272000000,https://www.sec.gov/Archives/edgar/data/811156/000110465913077610/a13-19806_110q.htm,https://www.sec.gov/Archives/edgar/data/811156/000110465913077610/a13-19806_110q.htm
0,2013-06-30,CMS,2013-07-25,2013-07-25 09:39:58,Q2,1406000000,536000000,870000000,0.618777,0.0,0.0,0.0,50000000,638000000,1174000000,102000000,137000000,373000000,0.265292,232000000,0.165007,-1000000.0,135000000,0.096017,54000000,80000000,0.056899,0.2939,0.2939,272200000,272200000,https://www.sec.gov/Archives/edgar/data/811156/000110465913056511/a13-13976_110q.htm,https://www.sec.gov/Archives/edgar/data/811156/000110465913056511/a13-13976_110q.htm
0,2013-03-31,CMS,2013-04-25,2013-04-25 10:38:44,Q1,1979000000,963000000,1016000000,0.513391,0.0,0.0,0.0,70000000,687000000,1650000000,98000000,181000000,518000000,0.261748,329000000,0.166246,0.0,239000000,0.120768,95000000,144000000,0.072764,0.53156,0.53156,270900000,270900000,https://www.sec.gov/Archives/edgar/data/811156/000110465913032793/a13-8701_110q.htm,https://www.sec.gov/Archives/edgar/data/811156/000110465913032793/a13-8701_110q.htm
0,2012-12-31,CMS,2013-02-21,2013-02-21 12:46:29,Q4,1670000000,736000000,934000000,0.559281,0.0,0.0,0.0,59000000,722000000,1458000000,96000000,158000000,363000000,0.217365,212000000,0.126946,-15000000,109000000,0.065269,42000000,67000000,0.04012,0.24778,0.24778,270400000,270400000,https://www.sec.gov/Archives/edgar/data/811156/000104746913001373/a2212663z10-k.htm,https://www.sec.gov/Archives/edgar/data/811156/000104746913001373/a2212663z10-k.htm
0,2012-09-30,CMS,2012-10-25,2012-10-25 12:11:08,Q3,1507000000,489000000,1018000000,0.675514,0.0,0.0,0.0,53000000,675000000,1164000000,293000000,138000000,677000000,0.449237,343000000,0.227605,-8000000.0,247000000,0.163902,98000000,148000000,0.098208,0.55019,0.55019,269000000,269000000,https://www.sec.gov/Archives/edgar/data/811156/000110465912071116/a12-24475_110q.htm,https://www.sec.gov/Archives/edgar/data/811156/000110465912071116/a12-24475_110q.htm
0,2012-06-30,CMS,,,Q2,1333000000,487000000,846000000,0.634659,0.0,0.0,0.0,48000000,586000000,1073000000,-94000000,130000000,203000000,0.152288,260000000,0.195049,0.0,168000000,0.126032,67000000,100000000,0.075019,0.37286,0.37286,268200000,268200000,,
0,2012-05-30,CMS,2012-07-26,2012-07-26 10:31:05,Q2,1333000000,133000000,1200000000,0.900225056264066,0.0,0.0,0.0,1073000000,1073000000,1206000000,-99000000,-172000000,88000000,0.206540447504,260000000,0.107860011474,3000000.0,168000000,0.0562248995984,67000000,108000000,0.0384394721744,-0.26,-0.25,0.0,0.0,https://www.sec.gov/Archives/edgar/data/811156/000119312512316024/0001193125-12-316024-index.htm,https://www.sec.gov/Archives/edgar/data/811156/000119312512316024/d363458d10q.htm
0,2012-03-31,CMS,2012-04-26,2012-04-26 11:34:37,Q1,1743000000,889000000,854000000,0.48996,0.0,0.0,0.0,69000000,666000000,1555000000,99000000,172000000,376000000,0.21572,188000000,0.10786,1000000.0,98000000,0.056225,38000000,67000000,0.038439,0.25112,0.25112,266800000,266800000,https://www.sec.gov/Archives/edgar/data/811156/000119312512184602/d316229d10q.htm,https://www.sec.gov/Archives/edgar/data/811156/000119312512184602/d316229d10q.htm
0,2011-12-31,CMS,2012-02-23,2012-02-23 10:03:21,Q4,1620000000,749000000,871000000,0.537654,0.0,0.0,0.0,54000000,698000000,1447000000,102000000,142000000,308000000,0.190123,173000000,0.10679,-9000000.0,64000000,0.039506,23000000,41000000,0.025309,0.15414,0.15414,266000000,266000000,https://www.sec.gov/Archives/edgar/data/811156/000119312512074276/d287367d10k.htm,https://www.sec.gov/Archives/edgar/data/811156/000119312512074276/d287367d10k.htm
0,2011-09-30,CMS,2011-10-27,2011-10-27 12:33:29,Q3,1464000000,495000000,969000000,0.661885,0.0,0.0,0.0,33000000,653000000,1148000000,104000000,120000000,444000000,0.303279,316000000,0.215847,0.0,221000000,0.150956,81000000,139000000,0.094945,0.52671,0.52671,263900000,263900000,https://www.sec.gov/Archives/edgar/data/811156/000095012311092346/k50726e10vq.htm,https://www.sec.gov/Archives/edgar/data/811156/000095012311092346/k50726e10vq.htm
0,2011-06-30,CMS,2011-07-28,2011-07-28 12:52:20,Q2,1364000000,543000000,821000000,0.601906,0.0,0.0,0.0,51000000,614000000,1157000000,104000000,123000000,337000000,0.247067,207000000,0.15176,2000000.0,111000000,0.081378,10000000,100000000,0.073314,0.38183,0.38183,261900000,261900000,https://www.sec.gov/Archives/edgar/data/811156/000095012311069403/k50548e10vq.htm,https://www.sec.gov/Archives/edgar/data/811156/000095012311069403/k50548e10vq.htm
0,2011-03-31,CMS,2011-04-28,2011-04-28 10:59:10,Q1,2055000000,1089000000,966000000,0.470073,0.0,0.0,0.0,67000000,660000000,1749000000,105000000,161000000,478000000,0.232603,306000000,0.148905,2000000.0,210000000,0.10219,77000000,135000000,0.065693,0.51586,0.51586,261700000,261700000,https://www.sec.gov/Archives/edgar/data/811156/000095012311040663/k50315e10vq.htm,https://www.sec.gov/Archives/edgar/data/811156/000095012311040663/k50315e10vq.htm
0,2010-12-31,CMS,2011-02-24,2011-02-24 17:21:57,Q4,1682000000,836000000,846000000,0.502973,0.0,0.0,0.0,54000000,688000000,1524000000,-99000000,140000000,83000000,0.049346,158000000,0.093936,-12000000,48000000,0.028537,17000000,25000000,0.014863,0.0969,0.0969,258000000,258000000,https://www.sec.gov/Archives/edgar/data/811156/000095012311017966/k50057e10vk.htm,https://www.sec.gov/Archives/edgar/data/811156/000095012311017966/k50057e10vk.htm
0,2010-09-30,CMS,2010-10-28,2010-10-28 13:47:21,Q3,1443000000,488000000,955000000,0.661816,0.0,0.0,0.0,49000000,636000000,1124000000,-94000000,133000000,271000000,0.187803,319000000,0.221067,7000000.0,233000000,0.161469,87000000,145000000,0.100485,0.5693,0.5693,254700000,254700000,https://www.sec.gov/Archives/edgar/data/811156/000095012310097298/k49721e10vq.htm,https://www.sec.gov/Archives/edgar/data/811156/000095012310097298/k49721e10vq.htm
0,2010-06-30,CMS,2010-07-28,2010-07-28 13:55:06,Q2,1340000000,513000000,827000000,0.617164,0.0,0.0,0.0,41000000,565000000,1078000000,-111000000,131000000,161000000,0.120149,262000000,0.195522,6000000.0,159000000,0.118657,59000000,82000000,0.061194,0.33118,0.33118,247600000,247600000,https://www.sec.gov/Archives/edgar/data/811156/000095012310068962/k49436e10vq.htm,https://www.sec.gov/Archives/edgar/data/811156/000095012310068962/k49436e10vq.htm
0,2010-03-31,CMS,2010-04-23,2010-04-23 12:38:45,Q1,1967000000,1077000000,890000000,0.452466,0.0,0.0,0.0,299000000,651000000,1728000000,-97000000,172000000,224000000,0.113879,239000000,0.121505,7000000.0,150000000,0.076258,61000000,88000000,0.044738,0.357,0.357,246500000,246500000,https://www.sec.gov/Archives/edgar/data/811156/000095012310037511/k49097e10vq.htm,https://www.sec.gov/Archives/edgar/data/811156/000095012310037511/k49097e10vq.htm
0,2009-12-31,CMS,2010-03-01,2010-02-26 18:41:11,Q4,1613000000,0.0,0.0,0.6418284283030683,0.0,0.0,0.0,1505000000,1505000000,1505000000,-128000000,148000000,15000000,0.009299,108000000,0.066956,20000000,0.0,0.0,-14000000,9000000.0,0.00558,0.03704,0.03704,243000000,243000000,https://www.sec.gov/Archives/edgar/data/811156/000095012310018474/k48861e10vk.htm,https://www.sec.gov/Archives/edgar/data/811156/000095012310018474/k48861e10vk.htm
0,2009-09-30,CMS,2009-10-30,2009-10-30 13:42:59,Q3,1262000000,441000000,821000000,0.650555,0.0,0.0,0.0,51000000,592000000,1033000000,-98000000,128000000,146000000,0.115689,229000000,0.181458,-9000000.0,123000000,0.097464,47000000,69000000,0.054675,0.28931,0.28931,238500000,238500000,https://www.sec.gov/Archives/edgar/data/811156/000095012309055427/k48293e10vq.htm,https://www.sec.gov/Archives/edgar/data/811156/000095012309055427/k48293e10vq.htm
0,2009-06-30,CMS,2009-07-30,2009-07-30 15:54:08,Q2,1225000000,490000000,735000000,0.6,0.0,0.0,0.0,48000000,585000000,1075000000,-101000000,121000000,130000000,0.106122,150000000,0.122449,36000000,87000000,0.07102,32000000,78000000,0.063673,0.33248,0.33248,234600000,234600000,https://www.sec.gov/Archives/edgar/data/811156/000095012309027644/k48068e10vq.htm,https://www.sec.gov/Archives/edgar/data/811156/000095012309027644/k48068e10vq.htm
0,2009-03-31,CMS,2009-04-30,2009-04-30 16:29:28,Q1,2103000000,1252000000,851000000,0.40466,0.0,0.0,0.0,287000000,642000000,1894000000,-95000000,173000000,201000000,0.095578,209000000,0.099382,10000000,125000000,0.059439,50000000,73000000,0.034712,0.31304,0.31304,233200000,233200000,https://www.sec.gov/Archives/edgar/data/811156/000095015209004476/k47738e10vq.htm,https://www.sec.gov/Archives/edgar/data/811156/000095015209004476/k47738e10vq.htm
0,2008-12-31,CMS,2009-02-25,2009-02-25 17:31:23,Q4,1843000000,0.0,0.0,0.5927331887201736,0.0,0.0,0.0,1662000000,1662000000,1662000000,-104000000,153000000,129000000,0.069995,181000000,0.098209,4000000.0,81000000,0.04395,17000000,63000000,0.034183,0.27632,0.27632,228000000,228000000,https://www.sec.gov/Archives/edgar/data/811156/000095015209001765/k47328e10vk.htm,https://www.sec.gov/Archives/edgar/data/811156/000095015209001765/k47328e10vk.htm
0,2008-09-30,CMS,2008-11-05,2008-11-05 17:17:13,Q3,1422000000,0.0,0.0,0.8662464985994398,0.0,0.0,0.0,3846000000,1212000000,1212000000,-113000000,135000000,139000000,0.09775,210000000,0.147679,36000000,117000000,0.082278,36000000,81000000,0.056962,0.32168,0.32168,251800000,251800000,https://www.sec.gov/Archives/edgar/data/811156/000095015208008758/k46871e10vq.htm,https://www.sec.gov/Archives/edgar/data/811156/000095015208008758/k46871e10vq.htm
0,2008-06-30,CMS,2008-08-05,2008-08-05 15:52:16,Q2,1364000000,648000000,716000000,0.524927,0.0,0.0,0.0,257000000,561000000,1209000000,-92000000,128000000,103000000,0.075513,155000000,0.113636,-1000000.0,70000000,0.05132,22000000,45000000,0.032991,0.18352,0.18352,245200000,245200000,https://www.sec.gov/Archives/edgar/data/811156/000095015208006025/k33879e10vq.htm,https://www.sec.gov/Archives/edgar/data/811156/000095015208006025/k33879e10vq.htm
0,2008-03-31,CMS,2008-05-05,2008-05-05 17:25:05,Q1,2183000000,1307000000,876000000,0.401283,0.0,0.0,0.0,248000000,623000000,1930000000,-91000000,173000000,252000000,0.115437,253000000,0.115896,2000000.0,172000000,0.078791,64000000,106000000,0.048557,0.44613,0.44613,237600000,237600000,https://www.sec.gov/Archives/edgar/data/811156/000095012408002236/k26025e10vq.htm,https://www.sec.gov/Archives/edgar/data/811156/000095012408002236/k26025e10vq.htm
0,2007-12-31,CMS,2008-02-21,2008-02-21 17:21:38,Q4,1678000000,991000000,687000000,0.409416,0.0,0.0,0.0,308000000,865000000,1856000000,-84000000,138000000,-207000000,-0.123361,-178000000,-0.106079,16000000,-255000000,-0.151967,-137000000,-124000000,-0.073897,-0.52343,-0.52343,236900000,236900000,https://www.sec.gov/Archives/edgar/data/811156/000095012408000749/k23633e10vk.htm,https://www.sec.gov/Archives/edgar/data/811156/000095012408000749/k23633e10vk.htm
0,2007-09-30,CMS,2007-11-01,2007-11-01 17:03:08,Q3,1282000000,561000000,721000000,0.562402,0.0,0.0,0.0,279000000,527000000,1088000000,-79000000,121000000,172000000,0.134165,194000000,0.151326,-8000000.0,134000000,0.104524,46000000,84000000,0.065523,0.34811,0.34811,241300000,241300000,https://www.sec.gov/Archives/edgar/data/811156/000095012407005517/k21037e10vq.htm,https://www.sec.gov/Archives/edgar/data/811156/000095012407005517/k21037e10vq.htm
0,2007-06-30,CMS,2007-08-02,2007-08-02 17:20:41,Q2,1336000000,694000000,642000000,0.480539,0.0,0.0,0.0,288000000,621000000,1315000000,-89000000,122000000,40000000,0.02994,21000000,0.015719,-6000000.0,-81000000,-0.060629,-29000000,36000000,0.026946,0.16173,0.16173,222600000,222600000,https://www.sec.gov/Archives/edgar/data/811156/000095012407003948/k17233e10vq.htm,https://www.sec.gov/Archives/edgar/data/811156/000095012407003948/k17233e10vq.htm
0,2007-03-31,CMS,,,Q1,2208000000,1333000000,875000000,0.396286,0.0,0.0,0.0,323000000,911000000,2244000000,-90000000,164000000,-212000000,-0.096014,-36000000,-0.016304,0.0,-106000000,-0.048007,-75000000,-211000000,-0.095562,-0.9526,-0.9526,221500000,221500000,,
0,2006-12-31,CMS,,,Q4,1748000000,0.0,0.0,0.0,0.0,0.0,0.0,1823000000,1823000000,1823000000,-116000000,158000000,-27000000,-0.015446,-75000000,-0.042906,27000000,-164000000,-0.093822,-40000000,-29000000,-0.01659,-0.13134,-0.13134,220800000,220800000,,
0,2006-09-30,CMS,,,Q3,1307000000,0.0,0.0,0.0,0.0,0.0,0.0,3841000000,1334000000,1334000000,-155000000,129000000,-168000000,-0.128539,-27000000,-0.020658,77000000,-115000000,-0.087988,-41000000,-101000000,-0.077276,-0.48095,-0.48095,210000000,210000000,,
0,2006-06-30,CMS,,,Q2,1227000000,490000000,737000000,0.600652,0.0,0.0,0.0,285000000,668000000,1158000000,-105000000,127000000,17000000,0.013855,69000000,0.056235,12000000,-17000000,-0.013855,-80000000,75000000,0.061125,0.32666,0.32666,229600000,229600000,,
0,2006-03-31,CMS,,,Q1,1933000000,1222000000,711000000,0.367822,0.0,0.0,0.0,320000000,732000000,1954000000,-109000000,162000000,2000000.0,0.001035,-21000000,-0.010864,-4000000.0,-131000000,-0.06777,-27000000,-24000000,-0.012416,-0.11009,-0.11009,218000000,218000000,,
0,2005-12-31,CMS,2006-02-24,2006-02-24 17:21:32,Q4,1939000000,1195000000,744000000,0.383703,0.0,0.0,0.0,413000000,760000000,1955000000,113247000,126000000,184247000,0.095022,-16000000,-0.008252,-1000000.0,-129000000,-0.066529,-52000000,-3000000.0,-0.001547,-0.01399,-0.01399,214400000,214400000,https://www.sec.gov/Archives/edgar/data/811156/000095012406000851/k02628e10vk.txt,https://www.sec.gov/Archives/edgar/data/811156/000095012406000851/k02628e10vk.txt
0,2005-09-30,CMS,,,Q3,1347000000,248000000,1099000000,0.815887,0.0,0.0,0.0,321000000,1903000000,2151000000,-113000000,121000000,-420000000,-0.311804,-804000000,-0.596882,-7000000.0,-907000000,-0.673348,-165000000,-263000000,-0.195249,-1.19763,-1.19763,219600000,219600000,,
0,2005-06-30,CMS,,,Q2,1251000000,475000000,776000000,0.620304,0.0,0.0,0.0,323000000,681000000,1156000000,-121000000,122000000,6000000.0,0.004796,95000000,0.075939,0.0,-9000000.0,-0.007194,-25000000,30000000,0.023981,0.13106,0.13106,228900000,228900000,,
0,2005-03-31,CMS,,,Q1,1876000000,725000000,1151000000,0.613539,0.0,0.0,0.0,309000000,700000000,1425000000,-127000000,156000000,255000000,0.135928,451000000,0.240405,-4000000.0,339000000,0.180704,74000000,152000000,0.081023,0.73679,0.73679,206300000,206300000,,
0,2004-12-31,CMS,2005-03-10,2005-03-10 16:08:04,Q4,1599000000,707000000,892000000,0.557849,0.0,0.0,0.0,357000000,750000000,1457000000,113247000,65000000,214247000,0.133988,142000000,0.088806,33000000,44000000,0.027517,-13000000,49000000,0.030644,0.25258,0.25258,194000000,194000000,https://www.sec.gov/Archives/edgar/data/811156/000095012405001425/k91832e10vk.txt,https://www.sec.gov/Archives/edgar/data/811156/000095012405001425/k91832e10vk.txt
0,2004-09-30,CMS,,,Q3,1081000000,242000000,839000000,0.776133,0.0,0.0,0.0,289000000,681000000,923000000,-138000000,114000000,53000000,0.049029,158000000,0.146161,-2000000.0,74000000,0.068455,18000000,59000000,0.054579,0.36241,0.36241,162800000,162800000,,
0,2004-06-30,CMS,,,Q2,1134000000,343000000,791000000,0.697531,0.0,0.0,0.0,286000000,643000000,986000000,-143000000,108000000,-23000000,-0.020282,148000000,0.130511,-2000000.0,13000000,0.011464,-7000000.0,19000000,0.016755,0.1175,0.1175,161700000,161700000,,
0,2004-03-31,CMS,,,Q1,1773000000,832000000,941000000,0.530739,0.0,0.0,0.0,292000000,796000000,1628000000,-145000000,144000000,-10000000,-0.00564,145000000,0.081782,-5000000.0,6000000.0,0.003384,-3000000.0,-6000000.0,-0.003384,-0.03724,-0.03724,161100000,161100000,,
0,2003-12-31,CMS,,,Q4,1411000000,571000000,840000000,0.595322,0.0,0.0,0.0,438000000,735000000,1306000000,-111000000,120000000,28000000,0.019844,105000000,0.074415,-20000000,-21000000,-0.014883,10000000,9000000.0,0.006378,0.0559,0.0559,161000000,161000000,,
0,2003-09-30,CMS,,,Q3,1075000000,419000000,656000000,0.610233,0.0,0.0,0.0,273000000,578000000,997000000,-170000000,90000000,-174000000,-0.16186,78000000,0.072558,-9000000.0,-101000000,-0.093953,-25000000,-69000000,-0.064186,-0.45335,-0.45335,152200000,152200000,,
0,2003-06-30,CMS,,,Q2,2615000000,524000000,2091000000,0.799618,0.0,0.0,0.0,224000000,476000000,1000000000,-143000000,90000000,-84000000,-0.032122,176000000,0.067304,-7000000.0,23000000,0.008795,34000000,-65000000,-0.024857,-0.60691,-0.60691,107100000,107100000,,
0,2003-03-31,CMS,,,Q1,2015000000,1212000000,803000000,0.398511,0.0,0.0,0.0,267000000,567000000,1779000000,-110000000,128000000,139000000,0.068983,236000000,0.117122,-6000000.0,115000000,0.057072,39000000,82000000,0.040695,0.46249,0.46249,177300000,177300000,,
0,2002-12-31,CMS,,,Q4,4402000000,4109000000,293000000,0.066561,0.0,0.0,0.0,156000000,925000000,5034000000,-44000000,115000000,-1021000000,-0.23194,-632000000,-0.143571,-24000000,-723000000,-0.164244,-134000000,-958000000,-0.217628,-6.92197,-6.92197,138400000,138400000,,
0,2002-09-30,CMS,,,Q3,2575000000,1867000000,708000000,0.274951,0.0,0.0,0.0,293000000,518000000,2385000000,-127000000,89000000,53000000,0.020583,190000000,0.073786,-11000000,65000000,0.025243,54000000,37000000,0.014369,0.25712,0.25712,143900000,143900000,,
0,2002-06-30,CMS,2002-08-14 00:00:00,2002-08-14 18:25:42,Q2,2135000000,1482000000,653000000,0.305855,0.0,0.0,0.0,271000000,501000000,1983000000,-127000000,86000000,-109000000,-0.051054,152000000,0.071194,-8000000.0,43000000,0.020141,6000000.0,-74000000,-0.03466,-0.5887,-0.5887,125700000,125700000,https://www.sec.gov/Archives/edgar/data/811156/000095012402002792/0000950124-02-002792-index.html,https://www.sec.gov/Archives/edgar/data/76063/000095012402002792/k71197e10vq.txt
0,2002-03-31,CMS,,,Q1,2259000000,1496000000,763000000,0.33776,0.0,0.0,0.0,226000000,489000000,1985000000,-127000000,122000000,105000000,0.046481,274000000,0.121293,-8000000.0,161000000,0.07127,68000000,42000000,0.018592,0.30545,0.30545,137500000,137500000,,
0,2001-12-31,CMS,,,Q4,3335000000,3281000000,54000000,0.016192,0.0,0.0,0.0,137000000,-66000000,3215000000,-77000000,55000000,-12000000,-0.003598,120000000,0.035982,-8000000.0,36000000,0.010795,11000000,-1000000.0,-0.0003,-0.00793,-0.00793,126100000,126100000,,
0,2001-09-30,CMS,2001-11-14 00:00:00,2001-11-14 00:00:00,Q3,1333000000,579000000,754000000,0.565641,0.0,0.0,0.0,311000000,1132000000,1711000000,-166000000,113000000,-806000000,-0.604651,-378000000,-0.283571,-1000000.0,-545000000,-0.408852,-184000000,-569000000,-0.426857,-4.2782,-4.2782,133000000,133000000,https://www.sec.gov/Archives/edgar/data/811156/000095012401504082/0000950124-01-504082-index.html,https://www.sec.gov/Archives/edgar/data/76063/000095012401504082/k65602e10-q.txt
0,2001-06-30,CMS,2001-08-14 00:00:00,2001-08-14 00:00:00,Q2,587000000,-221000000,808000000,1.376491,0.0,0.0,0.0,330000000,583000000,362000000,-161000000,91000000,3000000.0,0.005111,225000000,0.383305,-8000000.0,55000000,0.093697,20000000,53000000,0.09029,0.38517,0.38517,137600000,137600000,https://www.sec.gov/Archives/edgar/data/811156/000095012401502868/0000950124-01-502868-index.html,https://www.sec.gov/Archives/edgar/data/76063/000095012401502868/k64312e10-q.txt
0,2001-03-31,CMS,2001-05-11 00:00:00,2001-05-11 00:00:00,Q1,2808000000,1882000000,926000000,0.329772,0.0,0.0,0.0,322000000,610000000,2492000000,-158000000,149000000,155000000,0.055199,316000000,0.112536,5000000.0,163000000,0.058048,55000000,109000000,0.038818,0.83911,0.83911,129900000,129900000,https://www.sec.gov/Archives/edgar/data/811156/000095012401501002/0000950124-01-501002-index.html,https://www.sec.gov/Archives/edgar/data/76063/000095012401501002/k62288e10-q.txt
0,2000-12-31,CMS,,,Q4,950000000,631000000,319000000,0.335789,0.0,0.0,0.0,132000000,582000000,1213000000,-24000000,18000000,-219000000,-0.230526,-263000000,-0.276842,11000000,-298000000,-0.313684,-49000000,-164000000,-0.172632,-1.32365,-1.32365,123900000,123900000,,
0,2000-09-30,CMS,2000-11-14 00:00:00,2000-11-14 00:00:00,Q3,2323000000,1459000000,864000000,0.371933,0.0,0.0,0.0,311000000,627000000,2086000000,-172000000,137000000,35000000,0.015067,237000000,0.102023,-4000000.0,68000000,0.029272,17000000,53000000,0.022815,0.47576,0.47576,111400000,111400000,https://www.sec.gov/Archives/edgar/data/811156/000095012400006951/0000950124-00-006951-index.html,https://www.sec.gov/Archives/edgar/data/76063/000095012400006951/k58460e10-q.txt
0,2000-06-30,CMS,2000-08-11 00:00:00,2000-08-11 00:00:00,Q2,1596000000,744000000,852000000,0.533835,0.0,0.0,0.0,332000000,650000000,1394000000,-169000000,151000000,75000000,0.046992,202000000,0.126566,0.0,94000000,0.058897,14000000,79000000,0.049499,0.69056,0.69056,114400000,114400000,https://www.sec.gov/Archives/edgar/data/811156/000095012400004849/0000950124-00-004849-index.html,https://www.sec.gov/Archives/edgar/data/76063/000095012400004849/e10-q.htm
0,2000-03-31,CMS,2000-05-15 00:00:00,2000-05-15 00:00:00,Q1,1828000000,905000000,923000000,0.504923,0.0,0.0,0.0,301000000,631000000,1536000000,-161000000,183000000,149000000,0.08151,292000000,0.159737,-6000000.0,133000000,0.072757,52000000,75000000,0.041028,0.63613,0.63613,117900000,117900000,https://www.sec.gov/Archives/edgar/data/811156/000095012400003257/0000950124-00-003257-index.html,https://www.sec.gov/Archives/edgar/data/811156/0000950124-00-003257.txt
0,1999-12-31,CMS,,,Q4,1767000000,806000000,961000000,0.54386,0.0,0.0,0.0,382000000,798000000,1604000000,-166000000,165000000,-35000000,-0.019808,163000000,0.092247,-3000000.0,-6000000.0,-0.003396,-27000000,-7000000.0,-0.003962,-0.0613,-0.0613,114200000,114200000,,
0,1999-09-30,CMS,,,Q3,1466000000,576000000,890000000,0.607094,0.0,0.0,0.0,307000000,617000000,1193000000,-163000000,151000000,98000000,0.066849,273000000,0.186221,-3000000.0,107000000,0.072988,24000000,86000000,0.058663,0.75571,0.75571,113800000,113800000,,
0,1999-06-30,CMS,,,Q2,1332000000,495000000,837000000,0.628378,0.0,0.0,0.0,313000000,606000000,1101000000,-141000000,155000000,118000000,0.088589,231000000,0.173423,15000000,105000000,0.078829,30000000,74000000,0.055556,0.64912,0.64912,114000000,114000000,,
0,1999-03-31,CMS,,,Q1,1537000000,738000000,799000000,0.519844,0.0,0.0,0.0,272000000,554000000,1292000000,-111000000,159000000,173000000,0.112557,245000000,0.159401,1000000.0,135000000,0.087833,37000000,88000000,0.057254,0.78014,0.78014,112800000,112800000,,
0,1998-12-31,CMS,,,Q4,1349000000,645000000,704000000,0.521868,0.0,0.0,0.0,266000000,536000000,1181000000,-99000000,159000000,120000000,0.088955,168000000,0.124537,-4000000.0,65000000,0.048184,14000000,46000000,0.034099,0.40853,0.40853,112600000,112600000,,
0,1998-09-30,CMS,,,Q3,1286000000,545000000,741000000,0.576205,0.0,0.0,0.0,249000000,519000000,1064000000,-94000000,112000000,142000000,0.11042,222000000,0.172628,-6000000.0,122000000,0.094868,41000000,83000000,0.064541,0.78302,0.78302,106000000,106000000,,
0,1998-06-30,CMS,,,Q2,1132000000,486000000,646000000,0.570671,0.0,0.0,0.0,224000000,458000000,944000000,-97000000,125000000,118000000,0.10424,188000000,0.166078,0.0,91000000,0.080389,26000000,64000000,0.056537,0.60377,0.60377,106000000,106000000,,
0,1998-03-31,CMS,,,Q1,1374000000,693000000,681000000,0.495633,0.0,0.0,0.0,239000000,484000000,1177000000,-97000000,139000000,140000000,0.101892,197000000,0.143377,-36000000,64000000,0.046579,19000000,79000000,0.057496,0.7474,0.7474,105700000,105700000,,
0,1997-12-31,CMS,,,Q4,1434000000,762000000,672000000,0.468619,0.0,0.0,0.0,234000000,496000000,1258000000,-98000000,133000000,79000000,0.055091,176000000,0.122734,-10000000,68000000,0.04742,9000000.0,35000000,0.024407,0.3125,0.3125,112000000,112000000,,
0,1997-09-30,CMS,1997-11-14 00:00:00,1997-11-14 00:00:00,Q3,1030000000,380000000,650000000,0.631068,0.0,0.0,0.0,239000000,472000000,852000000,-92000000,122000000,115000000,0.11165,178000000,0.172816,1000000.0,87000000,0.084466,27000000,58000000,0.056311,0.57426,0.57426,101000000,101000000,https://www.sec.gov/Archives/edgar/data/811156/000020153397000050/0000201533-97-000050-index.html,https://www.sec.gov/Archives/edgar/data/811156/0000201533-97-000050.txt
0,1997-06-30,CMS,1997-08-14 00:00:00,1997-08-14 00:00:00,Q2,1022000000,422000000,600000000,0.587084,0.0,0.0,0.0,220000000,442000000,864000000,-85000000,117000000,124000000,0.121331,158000000,0.154599,-1000000.0,72000000,0.07045,25000000,67000000,0.065558,0.69792,0.69792,96000000,96000000,https://www.sec.gov/Archives/edgar/data/811156/000020153397000034/0000201533-97-000034-index.html,https://www.sec.gov/Archives/edgar/data/811156/0000201533-97-000034.txt
0,1997-03-31,CMS,1997-05-14 00:00:00,1997-05-14 00:00:00,Q1,1295000000,611000000,684000000,0.528185,0.0,0.0,0.0,237000000,480000000,1091000000,-77000000,139000000,178000000,0.137452,204000000,0.157529,-2000000.0,125000000,0.096525,47000000,69000000,0.053282,0.72479,0.72479,95200000,95200000,https://www.sec.gov/Archives/edgar/data/811156/000020153397000023/0000201533-97-000023-index.html,https://www.sec.gov/Archives/edgar/data/811156/0000201533-97-000023.txt
0,1996-12-31,CMS,,,Q4,1183000000,523000000,660000000,0.557904,0.0,0.0,0.0,262000000,516000000,1039000000,-76000000,113000000,100000000,0.084531,144000000,0.121724,-1000000.0,67000000,0.056636,23000000,40000000,0.033812,0.43384,0.43384,92200000,92200000,,
0,1996-09-30,CMS,1996-11-12 00:00:00,1996-11-12 00:00:00,Q3,929000000,312000000,617000000,0.664155,0.0,0.0,0.0,231000000,448000000,760000000,-76000000,110000000,126000000,0.13563,169000000,0.181916,-4000000.0,89000000,0.095802,31000000,61000000,0.065662,0.66304,0.66304,92000000,92000000,https://www.sec.gov/Archives/edgar/data/811156/000020153396000149/0000201533-96-000149-index.html,https://www.sec.gov/Archives/edgar/data/811156/0000201533-96-000149.txt
0,1996-06-30,CMS,1996-08-14 00:00:00,1996-08-14 00:00:00,Q2,938000000,355000000,583000000,0.621535,0.0,0.0,0.0,217000000,424000000,779000000,-74000000,112000000,118000000,0.1258,159000000,0.16951,-4000000.0,81000000,0.086354,31000000,49000000,0.052239,0.53261,0.53261,92000000,92000000,https://www.sec.gov/Archives/edgar/data/811156/000020153396000106/0000201533-96-000106-index.html,https://www.sec.gov/Archives/edgar/data/811156/0000201533-96-000106.txt
0,1996-03-31,CMS,1996-05-15 00:00:00,1996-05-15 00:00:00,Q1,1283000000,598000000,685000000,0.533905,0.0,0.0,0.0,229000000,466000000,1064000000,-75000000,133000000,188000000,0.146532,219000000,0.170694,-2000000.0,142000000,0.110678,54000000,76000000,0.059236,0.82609,0.82609,92000000,92000000,https://www.sec.gov/Archives/edgar/data/811156/000020153396000066/0000201533-96-000066-index.html,https://www.sec.gov/Archives/edgar/data/811156/0000201533-96-000066.txt
0,1995-12-31,CMS,1996-03-14 00:00:00,1996-03-14 00:00:00,Q4,1069000000,451000000,618000000,0.57811,0.0,0.0,0.0,258000000,494000000,945000000,-69000000,125000000,97000000,0.090739,124000000,0.115996,-10000000,45000000,0.042095,7000000.0,34000000,0.031805,0.36559,0.36559,93000000,93000000,https://www.sec.gov/Archives/edgar/data/811156/000020153396000043/0000201533-96-000043-index.html,https://www.sec.gov/Archives/edgar/data/811156/0000201533-96-000043.txt
0,1995-09-30,CMS,1995-11-13 00:00:00,1995-11-13 00:00:00,Q3,869000000,289000000,580000000,0.667434,0.0,0.0,0.0,213000000,431000000,720000000,-68000000,111000000,123000000,0.141542,149000000,0.171461,-2000000.0,79000000,0.090909,32000000,48000000,0.055236,0.53933,0.53933,89000000,89000000,https://www.sec.gov/Archives/edgar/data/811156/000020153395000128/0000201533-95-000128-index.html,https://www.sec.gov/Archives/edgar/data/811156/0000201533-95-000128.txt
0,1995-06-30,CMS,1995-08-11 00:00:00,1995-08-11 00:00:00,Q2,835000000,303000000,532000000,0.637126,0.0,0.0,0.0,204000000,408000000,711000000,-67000000,119000000,110000000,0.131737,124000000,0.148503,1000000.0,58000000,0.069461,25000000,33000000,0.039521,0.375,0.375,88000000,88000000,https://www.sec.gov/Archives/edgar/data/811156/000020153395000093/0000201533-95-000093-index.html,https://www.sec.gov/Archives/edgar/data/811156/0000201533-95-000093.txt
0,1995-03-31,CMS,1995-05-15 00:00:00,1995-05-15 00:00:00,Q1,1117000000,468000000,649000000,0.581021,0.0,0.0,0.0,216000000,443000000,911000000,-67000000,122000000,195000000,0.174575,206000000,0.184423,1000000.0,140000000,0.125336,54000000,86000000,0.076992,0.98851,0.98851,87000000,87000000,https://www.sec.gov/Archives/edgar/data/811156/000020153395000059/0000201533-95-000059-index.html,https://www.sec.gov/Archives/edgar/data/811156/0000201533-95-000059.txt
0,1994-12-31,CMS,1995-03-15 00:00:00,1995-03-15 00:00:00,Q4,918000000,375000000,543000000,0.591503,0.0,0.0,0.0,210000000,448000000,823000000,-64000000,127000000,99000000,0.107843,95000000,0.103486,5000000.0,36000000,0.039216,5000000.0,31000000,0.033769,0.35632,0.35632,87000000,87000000,https://www.sec.gov/Archives/edgar/data/811156/000020153395000029/0000201533-95-000029-index.html,https://www.sec.gov/Archives/edgar/data/811156/0000201533-95-000029.txt
0,1994-09-30,CMS,1994-11-14 00:00:00,1994-11-14 00:00:00,Q3,766000000,227000000,539000000,0.703655,0.0,0.0,0.0,203000000,414000000,641000000,-59000000,105000000,112000000,0.146214,125000000,0.163185,0.0,66000000,0.086162,26000000,40000000,0.052219,0.46512,0.46512,86000000,86000000,https://www.sec.gov/Archives/edgar/data/811156/000020153394000081/0000201533-94-000081-index.html,https://www.sec.gov/Archives/edgar/data/811156/0000201533-94-000081.txt
0,1994-06-30,CMS,1994-08-10 00:00:00,1994-08-10 00:00:00,Q2,793000000,292000000,501000000,0.631778,0.0,0.0,0.0,190000000,393000000,685000000,-55000000,91000000,90000000,0.113493,108000000,0.136192,1000000.0,54000000,0.068096,24000000,30000000,0.037831,0.34884,0.34884,86000000,86000000,https://www.sec.gov/Archives/edgar/data/811156/000020153394000046/0000201533-94-000046-index.html,https://www.sec.gov/Archives/edgar/data/811156/0000201533-94-000046.txt
0,1994-03-31,CMS,1994-05-13 00:00:00,1994-05-13 00:00:00,Q1,1142000000,536000000,606000000,0.530648,0.0,0.0,0.0,206000000,431000000,967000000,-51000000,129000000,203000000,0.177758,175000000,0.15324,1000000.0,125000000,0.109457,47000000,78000000,0.068301,0.91765,0.91765,85000000,85000000,https://www.sec.gov/Archives/edgar/data/811156/000020153394000032/0000201533-94-000032-index.html,https://www.sec.gov/Archives/edgar/data/811156/0000201533-94-000032.txt
