,date,symbol,fillingDate,acceptedDate,period,revenue,costOfRevenue,grossProfit,grossProfitRatio,researchAndDevelopmentExpenses,generalAndAdministrativeExpenses,sellingAndMarketingExpenses,otherExpenses,operatingExpenses,costAndExpenses,interestExpense,depreciationAndAmortization,ebitda,ebitdaratio,operatingIncome,operatingIncomeRatio,totalOtherIncomeExpensesNet,incomeBeforeTax,incomeBeforeTaxRatio,incomeTaxExpense,netIncome,netIncomeRatio,eps,epsdiluted,weightedAverageShsOut,weightedAverageShsOutDil,link,finalLink
0,2020-06-30,BIP,2020-07-21 00:00:00,2020-07-21 17:30:06,Q2,1946000000,1063000000,883000000,0.45375128468653647,0.0,72000000,0.0,-28000000,0.0,1510000000,247000000,0.0,794000000,0.408016443987667,436000000,0.04984583761562179,-92000000,97000000,0.04984583761562179,63000000,-22000000,-0.011305241521068859,-0.25,-0.25,294700000,294700000,https://www.sec.gov/Archives/edgar/data/1406234/000117184320005069/0001171843-20-005069-index.htm,https://www.sec.gov/Archives/edgar/data/1406234/000117184320005069/f6k_072120.htm
0,2020-03-31,BIP,2020-04-02 00:00:00,2020-04-01 18:55:07,Q1,2196000000,1239000000,957000000,0.43579234972677594,0.0,61000000,0.0,-206000000,0.0,1700000000,282000000,0.0,738000000,0.3360655737704918,496000000,0.11566484517304189,40000000,254000000,0.11566484517304189,106000000,98000000,0.044626593806921674,0.13,0.13,293600000,293600000,https://www.sec.gov/Archives/edgar/data/1406234/000119312520094887/0001193125-20-094887-index.html,https://www.sec.gov/Archives/edgar/data/1406234/000119312520094887/d887599d6k.htm
0,2019-12-31,BIP,2020-02-10 00:00:00,2020-02-10 08:23:11,Q4,1655000000,907000000,748000000,0.45196374622356494,0.0,79000000,0.0,-144000000,0.0,1268000000,139000000,0.0,578000000,0.34924471299093657,387000000,0.06646525679758308,-55000000,110000000,0.06646525679758308,84000000,28000000,0.016918429003021148,-0.07,-0.07,293500000,293500000,https://www.sec.gov/Archives/edgar/data/1406234/000117184320000813/0001171843-20-000813-index.html,https://www.sec.gov/Archives/edgar/data/1406234/000117184320000813/f6k_021020.htm
0,2019-09-30,BIP,2019-10-04 00:00:00,2019-10-03 18:56:21,Q3,1664000000,850000000,814000000,0.4891826923076923,0.0,75000000,0.0,-36000000,0.0,1242000000,229000000,0.0,739000000,0.4441105769230769,422000000,0.1580528846153846,70000000,263000000,0.1580528846153846,58000000,70000000,0.042067307692307696,0.07,0.07,290900000,290900000,https://www.sec.gov/Archives/edgar/data/1406234/000117184319006359/0001171843-19-006359-index.html,https://www.sec.gov/Archives/edgar/data/1406234/000117184319006359/f6k_100319.htm
0,2019-06-30,BIP,2019-07-11 00:00:00,2019-07-11 17:29:07,Q2,1685000000,840000000,845000000,0.5014836795252225,0.0,64000000,0.0,12000000,0.0,1227000000,241000000,0.0,827000000,0.4908011869436202,458000000,0.18694362017804153,98000000,315000000,0.18694362017804153,61000000,81000000,0.048071216617210685,0.12,0.12,279700000,279700000,https://www.sec.gov/Archives/edgar/data/1406234/000110465919039966/0001104659-19-039966-index.html,https://www.sec.gov/Archives/edgar/data/1406234/000110465919039966/a19-12728_36k.htm
0,2019-03-31,BIP,2019-05-03 00:00:00,2019-05-03 07:36:00,Q1,1593000000,798000000,795000000,0.4990583804143126,0.0,61000000,0.0,10000000,0.0,1151000000,212000000,0.0,762000000,0.4783427495291902,442000000,0.15065913370998116,10000000,240000000,0.15065913370998116,75000000,32000000,0.020087884494664157,-0.05,-0.05,278100000,278100000,https://www.sec.gov/Archives/edgar/data/1406234/000117184319002898/0001171843-19-002898-index.html,https://www.sec.gov/Archives/edgar/data/1406234/000117184319002898/f6k_050319.htm
0,2018-12-31,BIP,2019-01-29 00:00:00,2019-01-29 17:12:39,Q4,1428000000,729000000,699000000,0.4894957983193277,0.0,54000000,0.0,-124000000,0.0,1015000000,164000000,0.0,532000000,0.37254901960784315,413000000,0.15056022408963585,-22000000,215000000,0.15056022408963585,42000000,60000000,0.04201680672268908,0.06,0.06,277500000,277500000,https://www.sec.gov/Archives/edgar/data/1406234/000110465919004108/0001104659-19-004108-index.html,https://www.sec.gov/Archives/edgar/data/1406234/000110465919004108/a19-3689_16k.htm
0,2018-09-30,BIP,2018-10-01 00:00:00,2018-10-01 17:26:58,Q3,1167000000,603000000,564000000,0.4832904884318766,0.0,57000000,0.0,-26000000,0.0,848000000,140000000,0.0,449000000,0.3847472150814053,319000000,0.13024850042844902,-27000000,152000000,0.13024850042844902,65000000,14000000,0.011996572407883462,-0.1,-0.1,276800000,276800000,https://www.sec.gov/Archives/edgar/data/1406234/000117184318006800/0001171843-18-006800-index.html,https://www.sec.gov/Archives/edgar/data/1406234/000117184318006800/f6k_100118.htm
0,2018-06-30,BIP,2018-07-05 00:00:00,2018-07-05 09:00:20,Q2,1044000000,467000000,577000000,0.5526819923371648,0.0,54000000,0.0,17000000,0.0,709000000,125000000,0.0,541000000,0.5181992337164751,335000000,0.27873563218390807,81000000,291000000,0.27873563218390807,72000000,98000000,0.09386973180076628,0.21,0.21,276700000,276700000,https://www.sec.gov/Archives/edgar/data/1406234/000117184318005054/0001171843-18-005054-index.html,https://www.sec.gov/Archives/edgar/data/1406234/000117184318005054/f6k_070418.htm
0,2018-03-31,BIP,2018-05-02 00:00:00,2018-05-02 07:12:39,Q1,1013000000,409000000,604000000,0.596248766041461,0.0,58000000,0.0,-24000000,0.0,660000000,114000000,0.0,517000000,0.510365251727542,353000000,0.5054294175715696,273000000,512000000,0.5054294175715696,185000000,157000000,0.1549851924975321,0.42,0.42,276600000,276600000,https://www.sec.gov/Archives/edgar/data/1406234/000117184318003285/0001171843-18-003285-index.html,https://www.sec.gov/Archives/edgar/data/1406234/000117184318003285/f6k_050218.htm
0,2017-12-31,BIP,2018-01-16 00:00:00,2018-01-16 09:14:36,Q4,984000000,399000000,585000000,0.5945121951219512,0.0,66000000,0.0,-12000000,0.0,595000000,109000000,0.0,538000000,0.5467479674796748,389000000,0.32215447154471544,41000000,317000000,0.32215447154471544,75000000,53000000,0.05386178861788618,0.09,0.09,276500000,276500000,https://www.sec.gov/Archives/edgar/data/1406234/000110465918002274/0001104659-18-002274-index.html,https://www.sec.gov/Archives/edgar/data/1406234/000110465918002274/a18-3227_16k.htm
0,2017-09-30,BIP,2017-11-03 00:00:00,2017-11-03 07:20:31,Q3,961000000,394000000,567000000,0.5900104058272633,0.0,63000000,0.0,0.0,0.0,672000000,114000000,0.0,528000000,0.5494276795005203,289000000,0.18834547346514047,6000000.0,181000000,0.18834547346514047,30000000,25000000,0.026014568158168574,-0.04,-0.04,262600000,262600000,https://www.sec.gov/Archives/edgar/data/1406234/000117184317006594/0001171843-17-006594-index.html,https://www.sec.gov/Archives/edgar/data/1406234/000117184317006594/f6k_110317.htm
0,2017-06-30,BIP,2017-08-03 00:00:00,2017-08-03 10:27:38,Q2,934000000,373000000,561000000,0.6006423982869379,0.0,59000000,0.0,-5000000.0,0.0,638000000,107000000,0.0,533000000,0.5706638115631691,296000000,0.2044967880085653,2000000.0,191000000,0.2044967880085653,56000000,20000000,0.021413276231263382,-0.06,-0.06,259600000,259600000,https://www.sec.gov/Archives/edgar/data/1406234/000117184317004658/0001171843-17-004658-index.html,https://www.sec.gov/Archives/edgar/data/1406234/000117184317004658/f6k_080317.htm
0,2017-03-31,BIP,2017-04-05 00:00:00,2017-04-04 18:08:05,Q1,656000000,343000000,313000000,0.4771341463414634,0.0,51000000,0.0,24000000,0.0,514000000,94000000,0.0,309000000,0.47103658536585363,142000000,0.08841463414634146,10000000,58000000,0.08841463414634146,12000000,26000000,0.039634146341463415,-0.03,-0.03,259500000,259500000,https://www.sec.gov/Archives/edgar/data/1406234/000110262417000190/0001102624-17-000190-index.html,https://www.sec.gov/Archives/edgar/data/1406234/000110262417000190/brookfieldinfra6k.htm
0,2016-12-31,BIP,2017-01-19 00:00:00,2017-01-19 14:52:27,Q4,677000000,396000000,281000000,0.4150664697193501,0.0,44000000,0.0,3000000.0,0.0,553000000,95000000,0.0,343000000,0.5066469719350074,124000000,0.3072378138847858,182000000,208000000,0.3072378138847858,30000000,126000000,0.1861152141802068,0.4,0.4,248700000,248700000,https://www.sec.gov/Archives/edgar/data/1406234/000110262417000033/0001102624-17-000033-index.html,https://www.sec.gov/Archives/edgar/data/1406234/000110262417000033/brookfieldinfra6k.htm
0,2016-09-30,BIP,2016-11-04 00:00:00,2016-11-04 08:34:00,Q3,522000000,267000000,255000000,0.4885057471264368,0.0,45000000,0.0,109000000,0.0,438000000,98000000,0.0,351000000,0.6724137931034483,84000000,0.1685823754789272,102000000,88000000,0.1685823754789272,-15000000,66000000,0.12643678160919541,0.16,0.16,243400000,243400000,https://www.sec.gov/Archives/edgar/data/1406234/000110262416003584/0001102624-16-003584-index.html,https://www.sec.gov/Archives/edgar/data/1406234/000110262416003584/brookfieldinfra6k.htm
0,2016-06-30,BIP,2016-07-25 00:00:00,2016-07-25 15:26:50,Q2,462000000,198000000,264000000,0.5714285714285714,0.0,40000000,0.0,7000000.0,0.0,346000000,101000000,0.0,337000000,0.7294372294372294,116000000,0.3463203463203463,145000000,160000000,0.3463203463203463,1000000.0,118000000,0.2554112554112554,0.393333,0.393333,243150000,243150000,https://www.sec.gov/Archives/edgar/data/1406234/000110262416003127/0001102624-16-003127-index.html,https://www.sec.gov/Archives/edgar/data/1406234/000110262416003127/brookfieldinfra6k.htm
0,2016-03-31,BIP,2016-05-05 00:00:00,2016-05-05 11:55:35,Q1,454000000,202000000,252000000,0.5550660792951542,0.0,37000000,0.0,55000000,0.0,339000000,95000000,0.0,274000000,0.6035242290748899,115000000,0.19162995594713655,67000000,87000000,0.19162995594713655,-1000000.0,63000000,0.13876651982378854,0.166667,0.166667,243300000,243300000,https://www.sec.gov/Archives/edgar/data/1406234/000110262416002704/0001102624-16-002704-index.html,https://www.sec.gov/Archives/edgar/data/1406234/000110262416002704/brookfieldinfrastructure6k.htm
0,2015-12-31,BIP,2016-02-03 00:00:00,2016-02-03 13:24:35,Q4,455000000,199000000,256000000,0.5626373626373626,0.0,35000000,0.0,-28000000,0.0,316000000,88000000,0.0,201000000,0.44175824175824174,139000000,0.01098901098901099,-40000000,5000000.0,0.01098901098901099,-29000000,24000000,0.05274725274725275,0.026667,0.026667,243150000,243150000,https://www.sec.gov/Archives/edgar/data/1406234/000110262416002059/0001102624-16-002059-index.html,https://www.sec.gov/Archives/edgar/data/1406234/000110262416002059/brookfieldinfrastructure6k.htm
0,2015-09-30,BIP,2015-10-02 00:00:00,2015-10-02 10:38:24,Q3,468000000,199000000,269000000,0.5747863247863247,0.0,30000000,0.0,73000000,0.0,326000000,90000000,0.0,330000000,0.7051282051282052,142000000,0.41452991452991456,142000000,194000000,0.41452991452991456,11000000,93000000,0.1987179487179487,0.306667,0.306667,244500000,244500000,https://www.sec.gov/Archives/edgar/data/1406234/000110262415001504/0001102624-15-001504-index.html,https://www.sec.gov/Archives/edgar/data/1406234/000110262415001504/brookfield6k.htm
0,2015-06-30,BIP,2015-07-01 00:00:00,2015-07-01 09:10:48,Q2,466000000,197000000,269000000,0.5772532188841202,0.0,35000000,0.0,1000000.0,0.0,333000000,93000000,0.0,255000000,0.5472103004291845,133000000,0.06223175965665236,-11000000,29000000,0.06223175965665236,3000000.0,19000000,0.0407725321888412,0.0,0.0,0.0,0.0,https://www.sec.gov/Archives/edgar/data/1406234/000110262415001048/0001102624-15-001048-index.html,https://www.sec.gov/Archives/edgar/data/1406234/000110262415001048/brookfieldinfrastructure6k.htm
0,2015-03-31,BIP,2015-04-08 00:00:00,2015-04-08 17:08:52,Q1,466000000,203000000,263000000,0.5643776824034334,0.0,34000000,0.0,8000000.0,0.0,332000000,90000000,0.0,254000000,0.5450643776824035,134000000,0.34120171673819744,115000000,159000000,0.34120171673819744,11000000,99000000,0.21244635193133046,0.373333,0.373333,225450000,225450000,https://www.sec.gov/Archives/edgar/data/1406234/000119312515122957/0001193125-15-122957-index.html,https://www.sec.gov/Archives/edgar/data/1406234/000119312515122957/d905551d6k.htm
0,2014-12-31,BIP,2015-03-18 00:00:00,2015-03-17 20:49:35,Q4,465000000,203000000,262000000,0.5634408602150538,0.0,31000000,0.0,-12000000,0.0,332000000,90000000,0.0,231000000,0.4967741935483871,133000000,0.15483870967741936,34000000,72000000,0.15483870967741936,1000000.0,52000000,0.11182795698924732,0.186667,0.186667,225450000,225450000,https://www.sec.gov/Archives/edgar/data/1406234/000119907315000012/0001199073-15-000012-index.html,https://www.sec.gov/Archives/edgar/data/1406234/000119907315000012/bip6k.htm
0,2014-09-30,BIP,2014-10-01 00:00:00,2014-10-01 17:19:58,Q3,491000000,216000000,275000000,0.560081466395112,0.0,28000000,0.0,-13000000,0.0,341000000,90000000,0.0,262000000,0.5336048879837068,150000000,0.2484725050916497,62000000,122000000,0.2484725050916497,42000000,55000000,0.1120162932790224,0.193333,0.193333,225450000,225450000,https://www.sec.gov/Archives/edgar/data/1406234/000110262414001572/0001102624-14-001572-index.html,https://www.sec.gov/Archives/edgar/data/1406234/000110262414001572/brookfieldinfrastructure6k.htm
0,2014-06-30,BIP,2014-08-05 00:00:00,2014-08-05 14:08:29,Q2,488000000,215000000,273000000,0.5594262295081968,0.0,29000000,0.0,27000000,0.0,338000000,90000000,0.0,272000000,0.5573770491803278,150000000,0.13524590163934427,6000000.0,66000000,0.13524590163934427,24000000,12000000,0.02459016393442623,0.006667,0.006667,225450000,225450000,https://www.sec.gov/Archives/edgar/data/1406234/000110262414001238/0001102624-14-001238-index.html,https://www.sec.gov/Archives/edgar/data/1406234/000110262414001238/brookfield6k.htm
0,2014-03-31,BIP,2014-05-05 00:00:00,2014-05-05 09:00:19,Q1,480000000,212000000,268000000,0.5583333333333333,0.0,27000000,0.0,-3000000.0,0.0,330000000,87000000,0.0,250000000,0.5208333333333334,150000000,0.11666666666666667,-7000000.0,56000000,0.11666666666666667,12000000,26000000,0.05416666666666667,0.066667,0.066667,225450000,225450000,https://www.sec.gov/Archives/edgar/data/1406234/000119907314000193/0001199073-14-000193-index.html,https://www.sec.gov/Archives/edgar/data/1406234/000119907314000193/brookfield6k.htm
0,2013-12-31,BIP,,,Q4,470000000,212000000,258000000,0.548936170212766,0.0,28000000,0.0,20000000,0.0,319000000,93000000,0.0,-27000000,-0.0574468085106383,151000000,-0.33404255319148934,-210000000,-157000000,-0.33404255319148934,19000000,-137000000,-0.29148936170212764,-0.64,-0.64,225300000,225300000,,
0,2013-09-30,BIP,2013-10-01 00:00:00,2013-10-01 16:41:36,Q3,431000000,187000000,244000000,0.5661252900232019,0.0,28000000,0.0,-14000000,0.0,296000000,87000000,0.0,222000000,0.5150812064965197,135000000,0.08120649651972157,-13000000,35000000,0.08120649651972157,-33000000,26000000,0.060324825986078884,0.08,0.08,225150000,225150000,https://www.sec.gov/Archives/edgar/data/1406234/000119907313000669/0001199073-13-000669-index.html,https://www.sec.gov/Archives/edgar/data/1406234/000119907313000669/brookfieldinfra6k.htm
0,2013-06-30,BIP,2013-07-05 00:00:00,2013-07-05 07:45:42,Q2,462000000,202000000,260000000,0.5627705627705628,0.0,26000000,0.0,-4000000.0,0.0,311000000,90000000,0.0,248000000,0.5367965367965368,151000000,0.4025974025974026,125000000,186000000,0.4025974025974026,36000000,97000000,0.20995670995670995,0.4,0.4,220650000,220650000,https://www.sec.gov/Archives/edgar/data/1406234/000119907313000518/0001199073-13-000518-index.html,https://www.sec.gov/Archives/edgar/data/1406234/000119907313000518/brookfieldinsfrastructure6k.htm
0,2013-03-31,BIP,2013-04-22 00:00:00,2013-04-22 16:52:48,Q1,612000000,308000000,304000000,0.49673202614379086,0.0,28000000,0.0,-19000000,0.0,422000000,108000000,0.0,274000000,0.4477124183006536,190000000,-0.03104575163398693,-101000000,-19000000,-0.03104575163398693,-18000000,-18000000,-0.029411764705882353,-0.113333,-0.113333,215400000,215400000,https://www.sec.gov/Archives/edgar/data/1406234/000119907313000359/0001199073-13-000359-index.html,https://www.sec.gov/Archives/edgar/data/1406234/000119907313000359/d6k.htm
0,2012-12-31,BIP,2013-02-08 00:00:00,2013-02-08 13:02:36,Q4,578000000,315000000,263000000,0.45501730103806226,0.0,28000000,0.0,214000000,0.0,416000000,115000000,0.0,436000000,0.754325259515571,162000000,0.4290657439446367,206000000,248000000,0.4290657439446367,68000000,24000000,0.04152249134948097,0.153333,0.153333,215217391,301200000,https://www.sec.gov/Archives/edgar/data/1406234/000119907313000140/0001199073-13-000140-index.html,https://www.sec.gov/Archives/edgar/data/1406234/000119907313000140/d6k.htm
0,2012-09-30,BIP,2012-10-04 00:00:00,2012-10-04 10:39:19,Q3,482000000,268000000,214000000,0.44398340248962653,0.0,25000000,0.0,0.0,0.0,349000000,96000000,0.0,189000000,0.3921161825726141,133000000,0.18672199170124482,53000000,90000000,0.18672199170124482,-5000000.0,68000000,0.14107883817427386,0.22,0.22,290550000,290550000,https://www.sec.gov/Archives/edgar/data/1406234/000119907312000824/0001199073-12-000824-index.html,https://www.sec.gov/Archives/edgar/data/1406234/000119907312000824/d6k.htm
0,2012-06-30,BIP,2012-07-31 00:00:00,2012-07-31 17:21:53,Q2,493000000,271000000,222000000,0.45030425963488846,0.0,22000000,0.0,0.0,0.0,347000000,96000000,0.0,168000000,0.3407707910750507,146000000,-0.04259634888438134,-71000000,-21000000,-0.04259634888438134,-14000000,-26000000,-0.05273833671399594,-0.106667,-0.106667,277650000,277650000,https://www.sec.gov/Archives/edgar/data/1406234/000119312512326179/0001193125-12-326179-index.html,https://www.sec.gov/Archives/edgar/data/1406234/000119312512326179/d388828d6k.htm
0,2012-03-31,BIP,2012-05-08 00:00:00,2012-05-08 11:33:16,Q1,451000000,240000000,211000000,0.4678492239467849,0.0,20000000,0.0,0.0,0.0,309000000,95000000,0.0,192000000,0.42572062084257206,142000000,0.04434589800443459,-27000000,20000000,0.04434589800443459,-3000000.0,14000000,0.031042128603104215,0.033333,0.033333,277650000,277650000,https://www.sec.gov/Archives/edgar/data/1406234/000119907312000410/0001199073-12-000410-index.html,https://www.sec.gov/Archives/edgar/data/1406234/000119907312000410/d6k.htm
0,2011-12-31,BIP,2012-02-09 00:00:00,2012-02-09 13:08:02,Q4,404000000,230000000,174000000,0.4306930693069307,0.0,18000000,0.0,0.0,0.0,285000000,85000000,0.0,118000000,0.29207920792079206,119000000,0.5470297029702971,187000000,221000000,0.5470297029702971,66000000,54000000,0.13366336633663367,0.0,0.0,0.0,0.0,https://www.sec.gov/Archives/edgar/data/1406234/000119907312000115/0001199073-12-000115-index.html,https://www.sec.gov/Archives/edgar/data/1406234/000119907312000115/d6k.htm
0,2011-09-30,BIP,2011-10-20 00:00:00,2011-10-19 20:24:55,Q3,414000000,232000000,182000000,0.4396135265700483,0.0,15000000,0.0,0.0,0.0,281000000,85000000,0.0,181000000,0.43719806763285024,133000000,0.538647342995169,175000000,223000000,0.538647342995169,67000000,62000000,0.1497584541062802,0.253333,0.253333,234450000,234450000,https://www.sec.gov/Archives/edgar/data/1406234/000110465911056812/0001104659-11-056812-index.html,https://www.sec.gov/Archives/edgar/data/1406234/000110465911056812/a11-26816_96k.htm
0,2011-03-31,BIP,2011-04-26 00:00:00,2011-04-26 17:05:42,Q2,390000000,202000000,188000000,0.48205128205128206,0.0,13000000,0.0,0.0,0.0,215000000,83000000,0.0,212000000,0.5435897435897435,175000000,0.17692307692307693,-23000000,69000000,0.17692307692307693,-2000000.0,45000000,0.11538461538461539,0.193333,0.193333,169446676,169446676,https://www.sec.gov/Archives/edgar/data/1406234/000104746911004087/0001047469-11-004087-index.html,https://www.sec.gov/Archives/edgar/data/1406234/000104746911004087/a2203318z20-f.htm
0,2010-12-31,BIP,,,Q1,606000000,398000000,173000000,0.2854785478547855,0.0,12000000,0.0,0.0,0.0,410000000,97000000,0.0,171000000,0.28217821782178215,196000000,0.9455445544554455,503000000,573000000,0.9455445544554455,-18000000,548000000,0.9042904290429042,0.0,0.0,0.0,0.0,,
0,2010-09-30,BIP,2010-10-12 00:00:00,2010-10-12 14:27:43,Q4,10000000,4000000.0,6000000.0,0.6,0.0,8000000.0,0.0,0.0,0.0,12000000,16000000,0.0,39000000,3.9,-2000000.0,-10.7,-89000000,-107000000,-10.7,1000000.0,-108000000,-10.8,-1.140039,-1.140039,94733586,94733586,https://www.sec.gov/Archives/edgar/data/1406234/000104746910008531/0001047469-10-008531-index.html,https://www.sec.gov/Archives/edgar/data/1406234/000104746910008531/a2200356z6-k.htm
0,2010-06-30,BIP,2010-08-04 00:00:00,2010-08-04 11:36:44,Q3,9000000.0,4000000.0,5000000.0,0.5555555555555556,0.0,7000000.0,0.0,0.0,0.0,11000000,16000000,0.0,28200000,3.1333333333333333,-2000000.0,8.0,90000000,72000000,8.0,3000000.0,69000000,7.666666666666667,0.727848,0.727848,94800000,94800000,https://www.sec.gov/Archives/edgar/data/1406234/000119907310000694/0001199073-10-000694-index.html,https://www.sec.gov/Archives/edgar/data/1406234/000119907310000694/d6k.htm
0,2010-03-31,BIP,2010-04-28 00:00:00,2010-04-28 11:07:12,Q2,8500000.0,6400000.0,2100000.0,0.24705882352941178,0.0,7500000.0,0.0,0.0,0.0,13900000,15400000,0.0,3000000.0,0.35294117647058826,-5400000.0,-5.070588235294117,-22300000,-43100000,-5.070588235294117,-800000.0,-42300000,-4.976470588235294,-0.446516,-0.446516,94733520,94733520,https://www.sec.gov/Archives/edgar/data/1406234/000110262410000170/0001102624-10-000170-index.html,https://www.sec.gov/Archives/edgar/data/1406234/000110262410000170/brookfield6k.htm
0,2009-12-31,BIP,2010-02-08 00:00:00,2010-02-08 15:20:07,Q1,7700000.0,4200000.0,3500000.0,0.45454545454545453,0.0,8200000.0,0.0,0.0,0.0,12400000,3300000.0,0.0,84100000,10.922077922077921,-4700000.0,-3.6623376623376624,-20200000,-28200000,-3.6623376623376624,-19100000,-7700000.0,-1.0,0.0,0.0,0.0,0.0,https://www.sec.gov/Archives/edgar/data/1406234/000110262410000043/0001102624-10-000043-index.html,https://www.sec.gov/Archives/edgar/data/1406234/000110262410000043/brookfield6k.htm
0,2009-09-30,BIP,2009-10-08 00:00:00,2009-10-08 10:29:21,Q4,8000000.0,4000000.0,4000000.0,0.5,0.0,2800000.0,0.0,0.0,0.0,6800000.0,3200000.0,0.0,3300000.0,0.4125,1200000.0,-0.2375,100000.0,-1900000.0,-0.2375,700000.0,-4500000.0,-0.5625,-0.127395,-0.127395,94733520,94733520,https://www.sec.gov/Archives/edgar/data/1406234/000119907309000791/0001199073-09-000791-index.html,https://www.sec.gov/Archives/edgar/data/1406234/000119907309000791/d6k.htm
0,2009-06-30,BIP,2009-07-01 00:00:00,2009-07-01 08:35:56,Q3,6900000.0,3500000.0,3400000.0,0.4927536231884058,0.0,2400000.0,0.0,0.0,0.0,5900000.0,4100000.0,1700000.0,5900000.0,0.855072463768116,1000000.0,15.507246376811594,110100000,107000000,15.507246376811594,33400000,69000000,10.0,1.953397,1.953397,35323089,35323089,https://www.sec.gov/Archives/edgar/data/1406234/000114036109015521/0001140361-09-015521-index.html,https://www.sec.gov/Archives/edgar/data/1406234/000114036109015521/form6k.htm
0,2009-03-31,BIP,2009-04-28 00:00:00,2009-04-28 16:39:54,Q2,7200000.0,3300000.0,3900000.0,0.5416666666666666,0.0,3200000.0,0.0,0.0,0.0,6500000.0,3900000.0,0.0,2700000.0,0.375,700000.0,-0.4722222222222222,-200000.0,-3400000.0,-0.4722222222222222,700000.0,-9000000.0,-1.25,-0.259064,-0.259064,35323089,35323089,https://www.sec.gov/Archives/edgar/data/1406234/000110262409000204/0001102624-09-000204-index.html,https://www.sec.gov/Archives/edgar/data/1406234/000110262409000204/brookfield6k.htm
0,2008-12-31,BIP,2009-02-05 00:00:00,2009-02-05 12:29:05,Q1,14000000,5100000.0,8900000.0,0.6357142857142857,0.0,7300000.0,0.0,0.0,0.0,12400000,0.0,0.0,58800000,4.2,1600000.0,-0.20714285714285716,-12100000,-2900000.0,-0.20714285714285716,1300000.0,21500000,1.5357142857142858,0.0,0.0,0.0,0.0,https://www.sec.gov/Archives/edgar/data/1406234/000119312509019730/0001193125-09-019730-index.html,https://www.sec.gov/Archives/edgar/data/1406234/000119312509019730/d6k.htm
0,2008-09-30,BIP,2008-11-04 00:00:00,2008-11-04 16:32:21,Q4,8900000.0,2000000.0,6900000.0,0.7752808988764045,0.0,5500000.0,0.0,0.0,0.0,7500000.0,0.0,0.0,-2100000.0,-0.23595505617977527,1400000.0,0.29213483146067415,2300000.0,2600000.0,0.29213483146067415,1300000.0,-1400000.0,-0.15730337078651685,-0.040133,-0.040133,34860000,34860000,https://www.sec.gov/Archives/edgar/data/1406234/000119312508224319/0001193125-08-224319-index.html,https://www.sec.gov/Archives/edgar/data/1406234/000119312508224319/d6k.htm
0,2008-06-30,BIP,2008-07-02 00:00:00,2008-07-02 09:00:32,Q3,8300000.0,2700000.0,5600000.0,0.6746987951807228,0.0,3700000.0,0.0,0.0,0.0,6400000.0,0.0,0.0,3700000.0,0.4457831325301205,1900000.0,-0.07228915662650602,3400000.0,-600000.0,-0.07228915662650602,700000.0,2300000.0,0.27710843373493976,0.065933,0.065933,34860000,34860000,https://www.sec.gov/Archives/edgar/data/1406234/000114036108016241/0001140361-08-016241-index.html,https://www.sec.gov/Archives/edgar/data/1406234/000114036108016241/form6_k.htm
0,2008-03-31,BIP,2008-04-04 00:00:00,2008-04-03 19:02:26,Q2,1700000.0,500000.0,1200000.0,0.7058823529411765,0.0,2300000.0,0.0,0.0,0.0,2800000.0,0.0,0.0,-9300000.0,-5.470588235294118,-1100000.0,4.176470588235294,7200000.0,7100000.0,4.176470588235294,100000.0,5600000.0,3.2941176470588234,0.160667,0.160667,34860000,34860000,https://www.sec.gov/Archives/edgar/data/1406234/000119907308000265/0001199073-08-000265-index.html,https://www.sec.gov/Archives/edgar/data/1406234/000119907308000265/d6k.htm
