,date,symbol,fillingDate,acceptedDate,period,revenue,costOfRevenue,grossProfit,grossProfitRatio,researchAndDevelopmentExpenses,generalAndAdministrativeExpenses,sellingAndMarketingExpenses,otherExpenses,operatingExpenses,costAndExpenses,interestExpense,depreciationAndAmortization,ebitda,ebitdaratio,operatingIncome,operatingIncomeRatio,totalOtherIncomeExpensesNet,incomeBeforeTax,incomeBeforeTaxRatio,incomeTaxExpense,netIncome,netIncomeRatio,eps,epsdiluted,weightedAverageShsOut,weightedAverageShsOutDil,link,finalLink
0,2020-09-30,RGCO,2020-12-03,2020-12-03 16:13:49,Q4,9780289.0,-7962624.0,17742913,0.0018141501749079194,0.0,0.0,0.0,50029.118,10679365,34970831,-7208839.0,1983.342,1084266.0,0.11086236817746388,-899076.0,-0.09192734488725231,-3380048.0,-453727.0,-0.046391982895392966,-124431.0,-329296.0,-0.03366935271544634,-0.04043474571786175,-0.04043474571786175,8143887.0,8159324.0,https://www.sec.gov/Archives/edgar/data/1069533/000106953320000046/0001069533-20-000046-index.htm,https://www.sec.gov/Archives/edgar/data/1069533/000106953320000046/rgco-20200930.htm
0,2020-06-30,RGCO,2020-08-05,2020-08-05 12:39:01,Q3,11071918,7220332.0,3851586.0,0.34786980900689474,0.0,0.0,0.0,52556.0,9736255.0,9736255.0,986203.0,2047.695,4641488.0,0.4192126422901615,1335663.0,0.14519525885216997,1258130.0,1607590.0,0.14519525885216997,401012.0,1206578.0,0.10897642124878454,0.15,0.15,8143887.0,8159324.0,https://www.sec.gov/Archives/edgar/data/1069533/000106953320000033/0001069533-20-000033-index.htm,https://www.sec.gov/Archives/edgar/data/1069533/000106953320000033/rgco-20200630.htm
0,2020-03-31,RGCO,2020-05-07 00:00:00,2020-05-07 09:11:03,Q2,22437731,12862026,9575705.0,0.42676797399879696,0.0,0.0,0.0,317892.0,15438115,15438115,1038293.0,0.0,10553796,0.47035932465720354,6999616.0,0.3328236709852703,1506485.0,7467808.0,0.3328236709852703,1787492.0,5680316.0,0.25315910953741266,0.7,0.7,8122157.0,8144963.0,https://www.sec.gov/Archives/edgar/data/1069533/000106953320000021/0001069533-20-000021-index.html,https://www.sec.gov/Archives/edgar/data/1069533/000106953320000021/a10q-20200331xq2.htm
0,2019-12-31,RGCO,2020-02-05 00:00:00,2020-02-05 14:52:02,Q1,19785453,12171732,7613721.0,0.38481408537878814,0.0,0.0,0.0,157643.0,14703474,14703474,1085185.0,0.0,8381403.0,0.4236144100415593,5081979.0,0.2652718135895094,1251729.0,5248523.0,0.2652718135895094,1241587.0,4006936.0,0.2025192953631135,0.5,0.49,8081837.0,8113785.0,https://www.sec.gov/Archives/edgar/data/1069533/000106953320000010/0001069533-20-000010-index.html,https://www.sec.gov/Archives/edgar/data/1069533/000106953320000010/a10q-20191231xq1.htm
0,2019-09-30,RGCO,2019-12-03 00:00:00,2019-12-03 14:10:12,Q4,9851869.0,7115707.0,2736162.0,0.2777302459056246,0.0,0.0,0.0,110254.0,9361167.0,9361167.0,983422.0,0.0,3362322.0,0.3412877292623359,490702.0,0.060847845215968664,1092185.0,599465.0,0.060847845215968664,143860.0,455605.0,0.04624553980569575,0.06,0.06,8069934.0,8102334.0,https://www.sec.gov/Archives/edgar/data/1069533/000106953319000048/0001069533-19-000048-index.html,https://www.sec.gov/Archives/edgar/data/1069533/000106953319000048/rgco-9302019x10kxq4.htm
0,2019-06-30,RGCO,2019-08-06,2019-08-06 08:43:12,Q3,11682950,7645460.0,4037490.0,0.3455882290003809,0.0,0.0,0.0,-5967.0,10045893,10045893,925698.0,0.0,4348755.0,0.37223090058589653,1637057.0,0.1269015959154152,771226.0,1482585.0,0.1269015959154152,344030.0,1138555.0,0.09745441005910323,0.14,0.14,8051944.0,8088270.0,https://www.sec.gov/Archives/edgar/data/1069533/000106953319000038/a10q-20190630xq3.htm,https://www.sec.gov/Archives/edgar/data/1069533/000106953319000038/a10q-20190630xq3.htm
0,2019-03-31,RGCO,2019-05-06 00:00:00,2019-05-06 10:16:39,Q2,25274959,16609665,8665294.0,0.34284107048403123,0.0,0.0,0.0,121709.0,19071476,19071476,892649.0,0.0,8963840.0,0.35465299864581384,6203483.0,0.24256094737878706,819884.0,6130718.0,0.24256094737878706,1460628.0,4670090.0,0.18477141743335765,0.58,0.58,8032218.0,8073149.0,https://www.sec.gov/Archives/edgar/data/1069533/000106953319000021/0001069533-19-000021-index.html,https://www.sec.gov/Archives/edgar/data/1069533/000106953319000021/a10q-20190331xq2.htm
0,2018-12-31,RGCO,2019-02-08 00:00:00,2019-02-08 10:50:55,Q1,21216747,15539161,5677586.0,0.2675992695769997,0.0,0.0,0.0,125886.0,17952525,17952525,816782.0,0.0,5893629.0,0.27778193330014256,3264222.0,0.14782544185496485,688935.0,3136375.0,0.14782544185496485,702213.0,2434162.0,0.11472833229335298,0.3,0.3,8003736.0,8051997.0,https://www.sec.gov/Archives/edgar/data/1069533/000106953319000006/0001069533-19-000006-index.html,https://www.sec.gov/Archives/edgar/data/1069533/000106953319000006/a10q-20181231xq1.htm
0,2018-09-30,RGCO,2018-12-03 00:00:00,2018-12-03 11:25:27,Q4,9971142.0,7027763.0,2943379.0,0.29518975860538343,0.0,0.0,0.0,120923.0,9226162.0,9226162.0,632142.0,0.0,3011867.0,0.3020583800732153,744980.0,0.05885915575166816,474055.0,586893.0,0.05885915575166816,-97566.0,684459.0,0.06864399283452187,0.09,0.09,7991553.0,8039259.0,https://www.sec.gov/Archives/edgar/data/1069533/000106953318000048/0001069533-18-000048-index.html,https://www.sec.gov/Archives/edgar/data/1069533/000106953318000048/rgco-9302018x10kxq4.htm
0,2018-06-30,RGCO,2018-08-06 00:00:00,2018-08-06 16:33:36,Q3,11889570,7830327.0,4059243.0,0.34141209480241924,0.0,0.0,0.0,6224.0,10023347,10023347,583592.0,0.0,3883301.0,0.3266140827632959,1866223.0,0.12901475831337886,251299.0,1533930.0,0.12901475831337886,446575.0,1087355.0,0.09145452695093262,0.14,0.14,7982354.0,8031052.0,https://www.sec.gov/Archives/edgar/data/1069533/000106953318000035/0001069533-18-000035-index.html,https://www.sec.gov/Archives/edgar/data/1069533/000106953318000035/a10q-20180630xq3.htm
0,2018-03-31,RGCO,2018-05-07 00:00:00,2018-05-07 13:06:57,Q2,24917973,17369520,7548453.0,0.302932064337657,0.0,0.0,0.0,11315.0,5688676.0,19611255,633186.0,0.0,7275325.0,0.29197098014352935,5306718.0,0.19569649585863183,202828.0,4876360.0,0.19569649585863183,1410431.0,3465929.0,0.13909353702245364,0.47,0.47,7371694.0,7413351.0,https://www.sec.gov/Archives/edgar/data/1069533/000106953318000025/0001069533-18-000025-index.html,https://www.sec.gov/Archives/edgar/data/1069533/000106953318000025/a10q-20180331xq2.htm
0,2017-12-31,RGCO,2018-02-08 00:00:00,2018-02-08 10:20:17,Q1,18756051,12879727,5876324.0,0.3133028375749245,0.0,0.0,0.0,-16132.0,5414443.0,15080927,612645.0,0.0,5573582.0,0.297161806608438,3675124.0,0.17035345020121773,132679.0,3195158.0,0.17035345020121773,1135696.0,2059462.0,0.1098025378583157,0.28,0.28,7248094.0,7296180.0,https://www.sec.gov/Archives/edgar/data/1069533/000106953318000007/0001069533-18-000007-index.html,https://www.sec.gov/Archives/edgar/data/1069533/000106953318000007/a10q-20171231xq1.htm
0,2017-09-30,RGCO,2017-12-08 00:00:00,2017-12-08 11:11:33,Q4,10172448,7438076.0,2734372.0,0.26880176728354865,0.0,0.0,0.0,-109426.0,5296926.0,9405828.0,516953.0,0.0,2374147.0,0.2333899372107874,766620.0,0.026748330392055087,22429.0,272096.0,0.026748330392055087,112210.0,159886.0,0.01571755392605595,0.02,0.02,7237669.0,7286300.0,https://www.sec.gov/Archives/edgar/data/1069533/000106953317000036/0001069533-17-000036-index.html,https://www.sec.gov/Archives/edgar/data/1069533/000106953317000036/rgco-9302017x10kxq4.htm
0,2017-06-30,RGCO,2017-08-04 00:00:00,2017-08-04 10:54:50,Q3,11435824,8096361.0,3339463.0,0.2920176980688055,0.0,0.0,0.0,-8738.0,5314933.0,10107617,472300.0,0.0,3022185.0,0.2642734795498776,1328207.0,0.08384135677499059,102888.0,958795.0,0.08384135677499059,343233.0,615562.0,0.0538275160583094,0.09,0.08,7227171.0,7273840.0,https://www.sec.gov/Archives/edgar/data/1069533/000106953317000022/0001069533-17-000022-index.html,https://www.sec.gov/Archives/edgar/data/1069533/000106953317000022/a10q-20170630xq3.htm
0,2017-03-31,RGCO,2017-05-05 00:00:00,2017-05-05 11:07:05,Q2,21900013,14263809,7636204.0,0.3486849071733428,0.0,0.0,0.0,-10570.0,5251093.0,16310806,469480.0,0.0,7268352.0,0.3318880221669275,5589207.0,0.23756981331472268,83055.0,5202782.0,0.23756981331472268,1977583.0,3225199.0,0.14726927331047704,0.45,0.45,7215329.0,7244845.0,https://www.sec.gov/Archives/edgar/data/1069533/000106953317000014/0001069533-17-000014-index.html,https://www.sec.gov/Archives/edgar/data/1069533/000106953317000014/a10q-20170331xq2.htm
0,2016-12-31,RGCO,2017-02-08 00:00:00,2017-02-08 09:08:38,Q1,18788585,12789508,5999077.0,0.31929370945177615,0.0,0.0,0.0,-3712.0,5412342.0,14806310,458521.0,0.0,5669193.0,0.3017360274869023,3982275.0,0.19184957249308557,80828.0,3604582.0,0.19184957249308557,1372364.0,2232218.0,0.11880713741881041,0.313333,0.306667,7194594.0,7210546.0,https://www.sec.gov/Archives/edgar/data/1069533/000106953317000006/0001069533-17-000006-index.html,https://www.sec.gov/Archives/edgar/data/1069533/000106953317000006/a10q-20161231xq1.htm
0,2016-09-30,RGCO,2016-12-08 00:00:00,2016-12-08 13:44:55,Q4,9980265.0,7344998.0,2635267.0,0.26404779833000425,0.0,0.0,0.0,-184125.0,5232938.0,9163889.0,415721.0,0.0,2153472.0,0.2157730280708979,816376.0,0.027398971870987394,-127206.0,273449.0,0.027398971870987394,127888.0,145561.0,0.014584883267127676,0.02,0.02,7176685.0,7191366.0,https://www.sec.gov/Archives/edgar/data/1069533/000106953316000055/0001069533-16-000055-index.html,https://www.sec.gov/Archives/edgar/data/1069533/000106953316000055/rgco-9302016x10kxq4.htm
0,2016-06-30,RGCO,2016-08-04 00:00:00,2016-08-04 11:14:56,Q3,11295197,8043292.0,3251905.0,0.2879015744479711,0.0,0.0,0.0,-39151.0,4857579.0,9841847.0,396304.0,0.0,2869835.0,0.25407569252665535,1453350.0,0.0937085913596726,1411.0,1058457.0,0.0937085913596726,431389.0,627068.0,0.05551634026391926,0.086667,0.086667,7160649.0,7172712.0,https://www.sec.gov/Archives/edgar/data/1069533/000106953316000048/0001069533-16-000048-index.html,https://www.sec.gov/Archives/edgar/data/1069533/000106953316000048/a10q-20160630xq3.htm
0,2016-03-31,RGCO,2016-05-06 00:00:00,2016-05-06 09:33:05,Q2,21777773,14505000,7272773.0,0.33395393551030217,0.0,0.0,0.0,-28436.0,5199545.0,16333459,415940.0,0.0,6864798.0,0.31522038548202336,5444314.0,0.2311431935671292,5410.0,5033784.0,0.2311431935671292,1922337.0,3111447.0,0.14287259767102908,0.433333,0.433333,7139877.0,7145847.0,https://www.sec.gov/Archives/edgar/data/1069533/000106953316000044/0001069533-16-000044-index.html,https://www.sec.gov/Archives/edgar/data/1069533/000106953316000044/a10q-20160331xq2.htm
0,2015-12-31,RGCO,2016-02-05 00:00:00,2016-02-05 10:58:42,Q1,16010056,10703173,5306883.0,0.3314718574376005,0.0,0.0,0.0,-3873.0,5222400.0,12512004,408356.0,0.0,4930791.0,0.3079808715222483,3498052.0,0.19408801568214376,17664.0,3107360.0,0.19408801568214376,1184570.0,1922790.0,0.12009889284584639,0.266667,0.266667,7122418.0,7128268.0,https://www.sec.gov/Archives/edgar/data/1069533/000106953316000036/0001069533-16-000036-index.html,https://www.sec.gov/Archives/edgar/data/1069533/000106953316000036/a10q-20151231xq1.htm
0,2015-09-30,RGCO,2015-12-10 00:00:00,2015-12-10 14:02:46,Q4,9733404.0,7439785.0,2293619.0,0.23564407683067506,0.0,0.0,0.0,-194840.0,4947380.0,9077252.0,371340.0,0.0,1754125.0,0.18021701349291575,656152.0,0.009243631518839657,-194840.0,89972.0,0.009243631518839657,54217.0,35755.0,0.0036734322339851506,0.006667,0.006667,7105960.0,7109617.0,https://www.sec.gov/Archives/edgar/data/1069533/000119312515399923/0001193125-15-399923-index.html,https://www.sec.gov/Archives/edgar/data/1069533/000119312515399923/d72151d10k.htm
0,2015-06-30,RGCO,2015-08-04 00:00:00,2015-08-04 14:31:10,Q3,10774409,8136114.0,2638295.0,0.2448667950140003,0.0,0.0,0.0,-21143.0,0.0,9818190.0,358850.0,0.0,2246769.0,0.20852828215450148,956219.0,0.05348098443264963,-21143.0,576226.0,0.05348098443264963,221286.0,354940.0,0.03294287417527959,0.053333,0.046667,7094142.0,7098930.0,https://www.sec.gov/Archives/edgar/data/1069533/000106953315000021/0001069533-15-000021-index.html,https://www.sec.gov/Archives/edgar/data/1069533/000106953315000021/a10q-20150630xq3.htm
0,2015-03-31,RGCO,2015-05-07 00:00:00,2015-05-07 09:32:55,Q2,26431729,19841586,6590143.0,0.24932697365352074,0.0,0.0,0.0,-6934.0,5341235.0,21552260,385162.0,0.0,6182229.0,0.23389423370676962,4879469.0,0.16977220824260117,-6934.0,4487373.0,0.16977220824260117,1708029.0,2779344.0,0.10515180448467824,0.393333,0.393333,7086822.0,7093045.0,https://www.sec.gov/Archives/edgar/data/1069533/000106953315000017/0001069533-15-000017-index.html,https://www.sec.gov/Archives/edgar/data/1069533/000106953315000017/a10q-20150331xq2.htm
0,2014-12-31,RGCO,2015-02-06,2015-02-06 09:43:36,Q1,21250065,16052574,5197491.0,0.2445870636160407,0.0,0.0,0.0,-5879.0,5113670.0,17735713,397067.0,0.0,4814166.0,0.22654829526403802,3514352.0,0.14641865801351667,-5879.0,3111406.0,0.14641865801351667,1187030.0,1924376.0,0.09055859358547845,0.273333,0.273333,7082235.0,7088395.0,https://www.sec.gov/Archives/edgar/data/1069533/000119312514440747/d835273d10k.htm,https://www.sec.gov/Archives/edgar/data/1069533/000119312514440747/d835273d10k.htm
0,2014-09-30,RGCO,2014-12-12 00:00:00,2014-12-12 09:02:09,Q4,10280158,8453929.0,1826229.0,0.17764600505167333,0.0,0.0,0.0,-113953.0,5017865.0,9932649.0,450130.0,0.0,1348606.0,0.13118533781290131,347509.0,-0.02106718593235629,-113953.0,-216574.0,-0.02106718593235629,-72237.0,-144337.0,-0.014040348407096467,-0.02,-0.02,7079269.0,7079269.0,https://www.sec.gov/Archives/edgar/data/1069533/000119312514440747/0001193125-14-440747-index.html,https://www.sec.gov/Archives/edgar/data/1069533/000119312514440747/d835273d10k.htm
0,2014-06-30,RGCO,2014-08-07 00:00:00,2014-08-07 09:18:15,Q3,12024817,9493972.0,2530845.0,0.2104684836367988,0.0,0.0,0.0,-22043.0,4802903.0,11084126,456761.0,0.0,2165908.0,0.18011983051384484,940691.0,0.038411145882719044,-22043.0,461887.0,0.038411145882719044,178693.0,283194.0,0.023550794993387424,0.04,0.04,7077102.0,7078347.0,https://www.sec.gov/Archives/edgar/data/1069533/000106953314000023/0001069533-14-000023-index.html,https://www.sec.gov/Archives/edgar/data/1069533/000106953314000023/a10q-20140630xq3.htm
0,2014-03-31,RGCO,2014-05-08 00:00:00,2014-05-08 09:17:47,Q2,32699965,25962980,6736985.0,0.20602422663143524,0.0,0.0,0.0,-45756.0,5085859.0,27578943,455657.0,0.0,6322527.0,0.19334965649045802,5121022.0,0.14127259769238285,-45756.0,4619609.0,0.14127259769238285,1772814.0,2846795.0,0.08705804425172932,0.4,0.4,7070350.0,7070974.0,https://www.sec.gov/Archives/edgar/data/1069533/000106953314000017/0001069533-14-000017-index.html,https://www.sec.gov/Archives/edgar/data/1069533/000106953314000017/rgco-20140331x10qxq2.htm
0,2013-12-31,RGCO,2014-02-06,2014-02-06 10:32:25,Q1,20011194,15151552,4859642.0,0.24284617899361727,0.0,0.0,0.0,-25135.0,0.0,16738548,464453.0,0.0,4494771.0,0.2246128341967001,3272646.0,0.139075059689092,-25135.0,2783058.0,0.139075059689092,1060270.0,1722788.0,0.08609121474710604,0.246667,0.246667,7065700.0,7065898.0,https://www.sec.gov/Archives/edgar/data/1069533/000119312513469474/d640780d10k.htm,https://www.sec.gov/Archives/edgar/data/1069533/000119312513469474/d640780d10k.htm
0,2013-09-30,RGCO,2013-12-11 00:00:00,2013-12-11 11:58:17,Q4,9246128.0,7398528.0,1847600.0,0.19982418586461273,0.0,0.0,0.0,-64922.0,4530781.0,8860333.0,457682.0,0.0,1484635.0,0.16056829410105505,385795.0,-0.014796355836735118,-64922.0,-136809.0,-0.014796355836735118,-35898.0,-100911.0,-0.010913865782519992,-0.013333,-0.013333,7062952.0,7062952.0,https://www.sec.gov/Archives/edgar/data/1069533/000119312513469474/0001193125-13-469474-index.html,https://www.sec.gov/Archives/edgar/data/1069533/000119312513469474/d640780d10k.htm
0,2013-06-30,RGCO,2013-08-09 00:00:00,2013-08-09 09:16:19,Q3,11037308,8899714.0,2137594.0,0.19366986950078768,0.0,0.0,0.0,-11662.0,4594868.0,10391487,456103.0,0.0,1798477.0,0.16294525802849752,645821.0,0.016132194553237077,-11662.0,178056.0,0.016132194553237077,67953.0,110103.0,0.009975530265169731,0.013333,0.013333,7060081.0,7062480.0,https://www.sec.gov/Archives/edgar/data/1069533/000106953313000005/0001069533-13-000005-index.html,https://www.sec.gov/Archives/edgar/data/1069533/000106953313000005/rgco-2013630x10qxq3.htm
0,2013-03-31,RGCO,2013-05-10 00:00:00,2013-05-10 09:09:56,Q2,24175638,17843180,6332458.0,0.2619355071415282,0.0,0.0,0.0,-575.0,0.0,19362290,454853.0,0.0,5977090.0,0.2472360812153127,4813348.0,0.18026080635390057,-575.0,4357920.0,0.18026080635390057,1659213.0,2698707.0,0.11162919464627986,0.38,0.38,7052799.0,7052799.0,https://www.sec.gov/Archives/edgar/data/1069533/000119312513212720/0001193125-13-212720-index.html,https://www.sec.gov/Archives/edgar/data/1069533/000119312513212720/d535984d10q.htm
0,2012-12-31,RGCO,2013-02-08 00:00:00,2013-02-08 08:39:55,Q1,18746592,14314952,4431640.0,0.23639710087038754,0.0,0.0,0.0,17042.0,4969350.0,15796501,459461.0,0.0,4131452.0,0.22038416369225938,2950091.0,0.13376682012389238,17042.0,2507672.0,0.13376682012389238,953519.0,1554153.0,0.08290322849081048,0.22,0.22,7016761.0,7016761.0,https://www.sec.gov/Archives/edgar/data/1069533/000119312513044953/0001193125-13-044953-index.html,https://www.sec.gov/Archives/edgar/data/1069533/000119312513044953/d481491d10q.htm
0,2012-09-30,RGCO,2012-12-12 00:00:00,2012-12-12 11:47:21,Q4,9330542.0,4620972.0,4709570.0,0.5047477413423572,0.0,0.0,0.0,0.0,0.0,8938614.0,458863.0,0.0,1476318.0,0.1582242489235888,391928.0,-0.012869027329816424,-53140.0,-120075.0,-0.012869027329816424,-46303.0,-73772.0,-0.00790650746762621,0.0,0.0,0.0,0.0,https://www.sec.gov/Archives/edgar/data/1069533/000119312512499625/0001193125-12-499625-index.html,https://www.sec.gov/Archives/edgar/data/1069533/000119312512499625/d451100d10k.htm
0,2012-06-30,RGCO,2012-08-09 00:00:00,2012-08-09 10:04:03,Q3,9679742.0,4704364.0,4975378.0,0.5139990301394397,0.0,0.0,0.0,0.0,0.0,9149251.0,456313.0,0.0,1634162.0,0.1688228880480492,530491.0,0.00942204864551142,17025.0,91203.0,0.00942204864551142,38905.0,52298.0,0.00540282995145945,0.006667,0.006667,6981466.0,6985324.0,https://www.sec.gov/Archives/edgar/data/1069533/000119312512345895/0001193125-12-345895-index.html,https://www.sec.gov/Archives/edgar/data/1069533/000119312512345895/d391093d10q.htm
0,2012-03-31,RGCO,2012-05-11,2012-05-11 08:32:01,Q2,21290227,12171705,9118522.0,0.4282961379416011,0.0,0.0,0.0,0.0,0.0,16835056,456710.0,0.0,5558841.0,0.26109824944562593,4455171.0,0.18810137627936047,6260.0,4004721.0,0.18810137627936047,1521414.0,2483307.0,0.11664070091878306,0.36,0.353333,6958333.0,6966376.0,https://www.sec.gov/Archives/edgar/data/1069533/000119312512227057/d348002d10q.htm,https://www.sec.gov/Archives/edgar/data/1069533/000119312512227057/d348002d10q.htm
0,2011-12-31,RGCO,2012-02-13 00:00:00,2012-02-13 14:14:47,Q1,18499176,10369549,8129627.0,0.43945887103295844,0.0,0.0,0.0,0.0,0.0,15090231,458999.0,0.0,4504230.0,0.24348273674459878,3408945.0,0.15999874805234568,9899.0,2959845.0,0.15999874805234568,1124933.0,1834912.0,0.09918885035744295,0.266667,0.266667,6945249.0,6953481.0,https://www.sec.gov/Archives/edgar/data/1069533/000119312512055793/0001193125-12-055793-index.html,https://www.sec.gov/Archives/edgar/data/1069533/000119312512055793/d298385d10q.htm
0,2011-09-30,RGCO,2011-12-20 00:00:00,2011-12-20 11:02:10,Q4,10071058,5297409.0,4773649.0,0.473996773725263,0.0,0.0,0.0,0.0,0.0,9617702.0,457930.0,0.0,1494297.0,0.1483753742655439,453356.0,-0.0036424177082487264,-32109.0,-36683.0,-0.0036424177082487264,-16361.0,-20322.0,-0.0020178614798961538,0.0,0.0,0.0,0.0,https://www.sec.gov/Archives/edgar/data/1069533/000119312511346699/0001193125-11-346699-index.html,https://www.sec.gov/Archives/edgar/data/1069533/000119312511346699/d271528d10k.htm
0,2011-06-30,RGCO,2011-08-15 00:00:00,2011-08-15 11:24:11,Q3,11107485,6042498.0,5064987.0,0.4559976448313907,0.0,0.0,0.0,0.0,0.0,10372555,456314.0,0.0,1775854.0,0.15987903652356947,734930.0,0.02684919223388553,19611.0,298227.0,0.02684919223388553,113610.0,184617.0,0.016620954248418973,0.026667,0.026667,6906642.0,6917943.0,https://www.sec.gov/Archives/edgar/data/1069533/000119312511222519/0001193125-11-222519-index.html,https://www.sec.gov/Archives/edgar/data/1069533/000119312511222519/d10q.htm
0,2011-03-31,RGCO,2011-05-13 00:00:00,2011-05-13 09:03:31,Q2,27072569,17871203,9201366.0,0.33987782984318926,0.0,0.0,0.0,0.0,0.0,22566549,456285.0,0.0,5547247.0,0.20490286680957392,4506020.0,0.1501399811743023,14940.0,4064675.0,0.1501399811743023,1544861.0,2519814.0,0.09307627953593912,0.366667,0.366667,6876045.0,6888999.0,https://www.sec.gov/Archives/edgar/data/1069533/000119312511138591/0001193125-11-138591-index.html,https://www.sec.gov/Archives/edgar/data/1069533/000119312511138591/d10q.htm
0,2010-12-31,RGCO,2011-02-11 00:00:00,2011-02-11 12:19:42,Q1,22547759,14318195,8229564.0,0.36498367753531513,0.0,0.0,0.0,0.0,0.0,18929019,462183.0,0.0,4659968.0,0.2066710044222133,3618740.0,0.14078405751986262,17808.0,3174365.0,0.14078405751986262,1205001.0,1969364.0,0.0873418950415427,0.286667,0.286667,6840621.0,6855957.0,https://www.sec.gov/Archives/edgar/data/1069533/000119312511032239/0001193125-11-032239-index.html,https://www.sec.gov/Archives/edgar/data/1069533/000119312511032239/d10q.htm
0,2010-09-30,RGCO,2010-12-17 00:00:00,2010-12-17 11:50:04,Q4,8696382.0,4129510.0,4566872.0,0.525146204479058,0.0,0.0,0.0,0.0,0.0,8444547.0,458972.0,0.0,1221892.0,0.14050578734926777,251835.0,-0.031317736502375355,-65214.0,-272351.0,-0.031317736502375355,-121023.0,-151328.0,-0.017401259512289134,0.0,0.0,0.0,0.0,https://www.sec.gov/Archives/edgar/data/1069533/000119312510283037/0001193125-10-283037-index.html,https://www.sec.gov/Archives/edgar/data/1069533/000119312510283037/d10k.htm
0,2010-06-30,RGCO,2010-08-13 00:00:00,2010-08-13 15:20:23,Q3,10334301,5622992.0,4711309.0,0.4558904370987452,0.0,0.0,0.0,0.0,0.0,9875803.0,455551.0,0.0,1457737.0,0.14105811317088596,458498.0,0.0018633093810602188,16309.0,19256.0,0.0018633093810602188,5790.0,13466.0,0.0013030392670002548,0.003333,0.003333,6789357.0,6808509.0,https://www.sec.gov/Archives/edgar/data/1069533/000119312510188667/0001193125-10-188667-index.html,https://www.sec.gov/Archives/edgar/data/1069533/000119312510188667/d10q.htm
0,2010-03-31,RGCO,2010-05-13 00:00:00,2010-05-13 11:01:36,Q2,31640321,22271228,9369093.0,0.2961124509451089,0.0,0.0,0.0,0.0,0.0,26761701,455871.0,0.0,5873915.0,0.18564650466093566,4878620.0,0.14028726194023125,15985.0,4438734.0,0.14028726194023125,1685716.0,2753018.0,0.08700979993218147,0.406667,0.406667,6755766.0,6778923.0,https://www.sec.gov/Archives/edgar/data/1069533/000119312510118519/0001193125-10-118519-index.html,https://www.sec.gov/Archives/edgar/data/1069533/000119312510118519/d10q.htm
0,2009-12-31,RGCO,2010-02-12 00:00:00,2010-02-12 11:38:51,Q1,23152910,15359911,7792999.0,0.33658831654422705,0.0,0.0,0.0,0.0,0.0,19759682,464897.0,0.0,4410991.0,0.19051561985080925,3393228.0,0.12744825596436907,0.0,2950798.0,0.12744825596436907,1120518.0,1830280.0,0.07905183408910586,0.273333,0.27,6727212.0,6749661.0,https://www.sec.gov/Archives/edgar/data/1069533/000119312510030043/0001193125-10-030043-index.html,https://www.sec.gov/Archives/edgar/data/1069533/000119312510030043/d10q.htm
0,2009-09-30,RGCO,2009-12-16 00:00:00,2009-12-16 11:04:30,Q4,8731787.0,4099333.0,4632454.0,0.5305275999059528,0.0,0.0,0.0,0.0,0.0,7899152.0,463413.0,0.0,1053542.0,0.12065594362299492,832635.0,0.026427007438454466,-138467.0,230755.0,0.026427007438454466,91991.0,138764.0,0.015891821456478498,0.0,0.0,0.0,0.0,https://www.sec.gov/Archives/edgar/data/1069533/000119312509253667/0001193125-09-253667-index.html,https://www.sec.gov/Archives/edgar/data/1069533/000119312509253667/d10k.htm
0,2009-06-30,RGCO,2009-08-14 00:00:00,2009-08-14 08:23:38,Q3,10706989,5691875.0,5015114.0,0.4683962970355158,0.0,0.0,0.0,0.0,0.0,10042394,460463.0,0.0,1870007.0,0.17465292996938728,664595.0,0.020250137550342117,12686.0,216818.0,0.020250137550342117,79424.0,137394.0,0.012832179056128665,0.02,0.02,6682407.0,6704244.0,https://www.sec.gov/Archives/edgar/data/1069533/000119312509175230/0001193125-09-175230-index.html,https://www.sec.gov/Archives/edgar/data/1069533/000119312509175230/d10q.htm
0,2009-03-31,RGCO,2009-05-14 00:00:00,2009-05-14 10:24:48,Q2,34286502,24954183,9332319.0,0.2721863840178272,0.0,0.0,0.0,0.0,0.0,29581414,462910.0,0.0,5902538.0,0.1721534031088969,4705088.0,0.12436558853393677,21883.0,4264061.0,0.12436558853393677,1620368.0,2643693.0,0.07710594099100573,0.396667,0.396667,6657204.0,6678468.0,https://www.sec.gov/Archives/edgar/data/1069533/000119312509110830/0001193125-09-110830-index.html,https://www.sec.gov/Archives/edgar/data/1069533/000119312509110830/d10q.htm
0,2008-12-31,RGCO,2009-02-12 00:00:00,2009-02-12 08:57:57,Q1,28459195,20243340,8215855.0,0.2886889456992722,0.0,0.0,0.0,0.0,2725325.0,24816997,0.0,0.0,4805842.0,0.16886781231865483,3642198.0,0.11049803060135749,33807.0,3144685.0,0.11049803060135749,1195526.0,1949159.0,0.068489604150785,0.293333,0.293333,6637410.0,6660684.0,https://www.sec.gov/Archives/edgar/data/1069533/000119312509026408/0001193125-09-026408-index.html,https://www.sec.gov/Archives/edgar/data/1069533/000119312509026408/d10q.htm
0,2008-09-30,RGCO,2008-12-19 00:00:00,2008-12-19 15:26:42,Q4,9178906.0,0.0,0.0,0.0,0.0,0.0,0.0,0.0,4342349.0,8787428.0,0.0,0.0,1591247.0,0.17335911273086357,391478.0,-0.01728397697939166,-90311.0,-158648.0,-0.01728397697939166,-80477.0,-2777080.0,-0.30255021676875216,0.0,0.0,0.0,0.0,https://www.sec.gov/Archives/edgar/data/1069533/000119312508257027/0001193125-08-257027-index.html,https://www.sec.gov/Archives/edgar/data/1069533/000119312508257027/d10k.htm
0,2008-06-30,RGCO,2008-08-14 00:00:00,2008-08-14 14:12:49,Q3,20152634,0.0,0.0,0.0,0.0,0.0,0.0,0.0,15097224,19165225,0.0,0.0,2062535.0,0.10234567848550219,987409.0,0.027813684305485822,63866.0,560519.0,0.027813684305485822,209141.0,560519.0,0.027813684305485822,0.053333,0.053333,6617199.0,6646272.0,https://www.sec.gov/Archives/edgar/data/1069533/000119312508178064/0001193125-08-178064-index.html,https://www.sec.gov/Archives/edgar/data/1069533/000119312508178064/d10q.htm
0,2008-03-31,RGCO,2008-05-13 00:00:00,2008-05-13 14:45:02,Q2,39564378,30827646,8736732.0,0.22082318594772296,0.0,0.0,0.0,0.0,83916.0,35149378,0.0,0.0,5537255.0,0.13995556811230547,4415000.0,0.09891999313119494,16737.0,3913708.0,0.09891999313119494,1495099.0,2418609.0,0.06113097493912327,0.366667,0.366667,6596206.0,6596206.0,https://www.sec.gov/Archives/edgar/data/1069533/000119312508112955/0001193125-08-112955-index.html,https://www.sec.gov/Archives/edgar/data/1069533/000119312508112955/d10q.htm
0,2007-12-31,RGCO,2008-02-13,2008-02-13 13:38:29,Q1,25740908,18296729,7444179.0,0.2891964417106032,0.0,0.0,0.0,0.0,2673973.0,22696769,0.0,0.0,4139037.0,0.16079607603585702,3044139.0,0.09805353408667636,44330.0,2523987.0,0.09805353408667636,957979.0,1529318.0,0.0594119679072704,0.233333,0.23,6554220.0,6649209.0,https://www.sec.gov/Archives/edgar/data/1069533/000119312507270189/d10k.htm,https://www.sec.gov/Archives/edgar/data/1069533/000119312507270189/d10k.htm
0,2007-09-30,RGCO,2007-12-21 00:00:00,2007-12-21 14:18:10,Q4,10780169,0.0,0.0,0.0,0.0,0.0,0.0,0.0,6289221.0,10717026,0.0,0.0,1212980.0,0.11251957181747337,63143.0,-0.04639454168111836,-97364.0,-500141.0,-0.04639454168111836,-231602.0,-828944.0,-0.0768952694526403,0.0,0.0,0.0,0.0,https://www.sec.gov/Archives/edgar/data/1069533/000119312507270189/0001193125-07-270189-index.html,https://www.sec.gov/Archives/edgar/data/1069533/000119312507270189/d10k.htm
0,2007-06-30,RGCO,2007-08-10 00:00:00,2007-08-10 15:16:48,Q3,15131375,0.0,0.0,0.0,0.0,0.0,0.0,0.0,10184097,14366491,0.0,0.0,1720024.0,0.11367268341442863,764884.0,0.02494796408125501,71292.0,377497.0,0.02494796408125501,140977.0,356934.0,0.023588999677821746,0.053333,0.053333,6692512.0,6692512.0,https://www.sec.gov/Archives/edgar/data/1069533/000119312507178936/0001193125-07-178936-index.html,https://www.sec.gov/Archives/edgar/data/1069533/000119312507178936/d10q.htm
0,2007-03-31,RGCO,2007-05-10 00:00:00,2007-05-10 17:23:46,Q2,42611738,32812492,9799246.0,0.2299658840481935,0.0,0.0,0.0,0.0,30160.0,37816387,0.0,0.0,5986609.0,0.14049201654248414,4795351.0,0.09830833466590826,348.0,4189089.0,0.09830833466590826,1596385.0,2592704.0,0.06084483106509291,0.4,0.4,6481760.0,6481760.0,https://www.sec.gov/Archives/edgar/data/1069533/000119312507110499/0001193125-07-110499-index.html,https://www.sec.gov/Archives/edgar/data/1069533/000119312507110499/d10q.htm
0,2006-12-31,RGCO,2007-02-02,2007-02-02 07:04:46,Q1,29993044,21648578,8344466.0,0.2782133750745673,0.0,0.0,0.0,0.0,180548.0,26614100,0.0,0.0,4566882.0,0.15226470510962475,3378944.0,0.09072033502168037,1668.0,2720979.0,0.09072033502168037,1035464.0,1685515.0,0.05619686351275316,0.26,0.26,6482750.0,6482750.0,https://www.sec.gov/Archives/edgar/data/1069533/000119312506257162/d10k.htm,https://www.sec.gov/Archives/edgar/data/1069533/000119312506257162/d10k.htm
0,2006-09-30,RGCO,2006-12-20,2006-12-20 15:45:37,Q4,12460939,7654214.0,4806725.0,0.3857434018415466,0.0,0.0,0.0,0.0,199648.0,12237705,0.0,0.0,1370904.0,0.11001610713285732,223234.0,-0.031228786209450188,-40449.0,-389140.0,-0.031228786209450188,-199829.0,-40766.0,-0.003271503054464836,0.0,0.0,0.0,0.0,https://www.sec.gov/Archives/edgar/data/1069533/000119312506257162/d10k.htm,https://www.sec.gov/Archives/edgar/data/1069533/000119312506257162/d10k.htm
0,2006-06-30,RGCO,2006-08-11,2006-08-11 15:56:49,Q3,12959458,7903351.0,5056107.0,0.3901480293388813,0.0,0.0,0.0,0.0,189632.0,12423608,0.0,0.0,1613803.0,0.12452704426373387,535850.0,0.0011955746914724366,41210.0,15494.0,0.0011955746914724366,6399.0,-56959.0,-0.0043951683781837175,-0.01,-0.01,5695900.0,5695900.0,https://www.sec.gov/Archives/edgar/data/1069533/000119312506170860/d10q.htm,https://www.sec.gov/Archives/edgar/data/1069533/000119312506170860/d10q.htm
0,2006-03-31,RGCO,2006-05-12,2006-05-12 14:45:25,Q2,45781066,29554713,16226353,0.35443370846803784,0.0,0.0,0.0,0.0,7230731.0,41599576,0.0,0.0,5316570.0,0.11613032339613935,4181490.0,0.07618022699602495,-7916.0,3487612.0,0.07618022699602495,1330538.0,2157074.0,0.047117164113216585,0.34,0.34,6344335.0,6344335.0,https://www.sec.gov/Archives/edgar/data/1069533/000119312506110628/d10q.htm,https://www.sec.gov/Archives/edgar/data/1069533/000119312506110628/d10q.htm
0,2005-12-31,RGCO,2006-02-14,2006-02-14 13:29:47,Q1,52763999,36088299,16675700,0.31604314146090406,0.0,0.0,0.0,0.0,8812336.0,49740153,0.0,0.0,4156536.0,0.07877598511818636,3023846.0,0.04452907369663168,-5527.0,2349532.0,0.04452907369663168,897350.0,1452182.0,0.02752221263593004,0.23,0.23,6313835.0,6313835.0,https://www.sec.gov/Archives/edgar/data/1069533/000119312505245846/d10k.htm,https://www.sec.gov/Archives/edgar/data/1069533/000119312505245846/d10k.htm
0,2005-09-30,RGCO,2005-12-21,2005-12-20 17:35:24,Q4,22840535,-2846357.0,25686892,1.1246186658937718,0.0,0.0,0.0,0.0,13431894,23004112,0.0,0.0,966247.0,0.04230404410404572,-163577.0,-0.03185341324097706,-69236.0,-727549.0,-0.03185341324097706,-315816.0,-411733.0,-0.01802641663165946,0.0,0.0,0.0,0.0,https://www.sec.gov/Archives/edgar/data/1069533/000119312505245846/d10k.htm,https://www.sec.gov/Archives/edgar/data/1069533/000119312505245846/d10k.htm
0,2005-06-30,RGCO,2005-08-15,2005-08-15 16:10:39,Q3,20838353,15811536,5026817.0,0.24122909329734457,0.0,0.0,0.0,0.0,2641604.0,20140321,0.0,0.0,1755572.0,0.08424715715296693,698032.0,0.01012200916262432,-21999.0,210926.0,0.01012200916262432,84155.0,229525.0,0.011014546111201782,0.036667,0.036667,6259773.0,6259773.0,https://www.sec.gov/Archives/edgar/data/1069533/000119312505168564/d10q.htm,https://www.sec.gov/Archives/edgar/data/1069533/000119312505168564/d10q.htm
0,2005-03-31,RGCO,2005-05-12,2005-05-12 16:16:50,Q2,43329669,29125337,14204332,0.3278199978864367,0.0,0.0,0.0,0.0,5718398.0,39466429,0.0,0.0,4954963.0,0.11435497003219665,3863240.0,0.07707478679331707,-2883.0,3339625.0,0.07707478679331707,1275906.0,2063719.0,0.04762831213873339,0.333333,0.33,6191157.0,6253694.0,https://www.sec.gov/Archives/edgar/data/1069533/000119312505105554/d10q.htm,https://www.sec.gov/Archives/edgar/data/1069533/000119312505105554/d10q.htm
0,2004-12-31,RGCO,2005-02-14 00:00:00,2005-02-14 11:28:38,Q1,34665474,21929127,12736347,0.3674072652230285,0.0,0.0,0.0,0.0,5425208.0,31523494,0.0,0.0,4203338.0,0.12125430622988163,3141980.0,0.07589574572094412,33700.0,2630962.0,0.07589574572094412,1005567.0,1625395.0,0.04688800735856086,0.263333,0.26,6172386.0,6251519.0,https://www.sec.gov/Archives/edgar/data/1069533/000119312505028377/0001193125-05-028377-index.html,https://www.sec.gov/Archives/edgar/data/1069533/000119312505028377/d10q.htm
0,2004-09-30,RGCO,2004-12-21 00:00:00,2004-12-20 20:22:56,Q4,15324644,-7492085.0,22816729,1.4888912916998267,0.0,0.0,0.0,0.0,10503030,16035467,0.0,0.0,296026.0,0.019316990332695495,-710823.0,-0.0763420018109393,7226.0,-1169914.0,-0.0763420018109393,-493475.0,8699022.0,0.5676492060761738,0.0,0.0,0.0,0.0,https://www.sec.gov/Archives/edgar/data/1069533/000119312504216784/0001193125-04-216784-index.html,https://www.sec.gov/Archives/edgar/data/1069533/000119312504216784/d10k.htm
0,2004-06-30,RGCO,2004-08-13 00:00:00,2004-08-13 12:22:57,Q3,18233478,13811713,4421765.0,0.24250803933292375,0.0,0.0,0.0,0.0,2718195.0,18221948,0.0,0.0,966444.0,0.053003820774072834,11530.0,-0.022648394343635372,14677.0,-412959.0,-0.022648394343635372,-137216.0,-512664.0,-0.028116632493263218,-0.083333,-0.083333,6151968.0,6151968.0,https://www.sec.gov/Archives/edgar/data/1069533/000119312504140123/0001193125-04-140123-index.html,https://www.sec.gov/Archives/edgar/data/1069533/000119312504140123/d10q.htm
0,2004-03-31,RGCO,2004-05-13 00:00:00,2004-05-13 15:47:19,Q2,47128947,35437738,11691209,0.24806853842925877,0.0,0.0,0.0,0.0,3778584.0,41458926,0.0,0.0,7123740.0,0.1511542364823046,5670021.0,0.10822191720090839,-45828.0,5100385.0,0.10822191720090839,1952133.0,3148252.0,0.06680081352125267,0.52,0.516667,6054331.0,6093391.0,https://www.sec.gov/Archives/edgar/data/1069533/000119312504087402/0001193125-04-087402-index.html,https://www.sec.gov/Archives/edgar/data/1069533/000119312504087402/d10q.htm
0,2003-12-31,RGCO,2004-02-13 00:00:00,2004-02-13 09:29:44,Q1,34300772,18632493,15668279,0.4567908559026018,0.0,0.0,0.0,0.0,6910706.0,31169100,0.0,0.0,4559548.0,0.13292843671273638,3131672.0,0.07543815631904728,881.0,2587587.0,0.07543815631904728,988184.0,1599403.0,0.046628775585575745,0.266667,0.263333,5997761.0,6073682.0,https://www.sec.gov/Archives/edgar/data/1069533/000119312504022241/0001193125-04-022241-index.html,https://www.sec.gov/Archives/edgar/data/1069533/000119312504022241/d10q.htm
0,2003-09-30,RGCO,2003-12-19 00:00:00,2003-12-19 14:12:58,Q4,15390681,20393034,-5002353.0,-0.3250247990975838,0.0,0.0,0.0,0.0,0.0,15781504,0.0,0.0,994115.0,0.06459200863171681,-390823.0,-0.06740208571667491,-101158.0,-1037364.0,-0.06740208571667491,-449070.0,-588294.0,-0.03822403959902749,0.0,0.0,0.0,0.0,https://www.sec.gov/Archives/edgar/data/1069533/000119312503097207/0001193125-03-097207-index.html,https://www.sec.gov/Archives/edgar/data/1069533/000119312503097207/d10k.htm
0,2003-06-30,RGCO,2003-08-14 00:00:00,2003-08-14 10:20:32,Q3,19292181,11050527,8241654.0,0.42720177671980164,0.0,0.0,0.0,0.0,3380939.0,19668087,0.0,0.0,1013058.0,0.052511325702366156,-375906.0,-0.04723742743238828,-14308.0,-911313.0,-0.04723742743238828,-348906.0,-562407.0,-0.02915206943165213,-0.093333,-0.093333,5970669.0,5970669.0,https://www.sec.gov/Archives/edgar/data/1069533/000090650403000029/0000906504-03-000029-index.html,https://www.sec.gov/Archives/edgar/data/1069533/000090650403000029/aug10q03.txt
0,2003-03-31,RGCO,2003-05-15 00:00:00,2003-05-15 12:13:06,Q2,41222570,29511598,11710972,0.28409126359661707,0.0,0.0,0.0,0.0,3756994.0,35491051,0.0,0.0,7172383.0,0.17399165069038636,5731519.0,0.1239974363558604,-68742.0,5111493.0,0.1239974363558604,1970540.0,3140953.0,0.07619498250594274,0.53,0.53,5926326.0,5926326.0,https://www.sec.gov/Archives/edgar/data/1069533/000090650403000008/0000906504-03-000008-index.html,https://www.sec.gov/Archives/edgar/data/1069533/000090650403000008/march0310q.txt
0,2002-12-31,RGCO,2003-02-14 00:00:00,2003-02-14 13:45:10,Q1,28456127,14931493,13524634,0.47528020942554833,0.0,0.0,0.0,0.0,4858837.0,25356743,0.0,0.0,4530209.0,0.15919977444576347,3099384.0,0.08804778668579881,-39309.0,2505499.0,0.08804778668579881,967362.0,1538137.0,0.054052928566139725,0.26,0.26,5915912.0,5915912.0,https://www.sec.gov/Archives/edgar/data/1069533/000091664103000266/0000916641-03-000266-index.html,https://www.sec.gov/Archives/edgar/data/1069533/000091664103000266/d10q.htm
0,2002-09-30,RGCO,2002-12-18 00:00:00,2002-12-18 16:44:30,Q4,11451333,16445030,-4993697.0,-0.43607997427024436,0.0,0.0,0.0,0.0,-8615985.0,11869305,0.0,0.0,832415.0,0.07269153730836402,-417972.0,-0.07978992489346,9908.0,-913701.0,-0.07978992489346,-387108.0,-526593.0,-0.045985301449185,0.0,0.0,0.0,0.0,https://www.sec.gov/Archives/edgar/data/1069533/000090650402000030/0000906504-02-000030-index.html,https://www.sec.gov/Archives/edgar/data/1069533/000090650402000030/frm10k02.txt
0,2002-06-30,RGCO,2002-08-14 00:00:00,2002-08-14 09:46:55,Q3,14175352,7017022.0,7158330.0,0.5049842853990504,0.0,0.0,0.0,0.0,2707629.0,14115643,0.0,0.0,1459928.0,0.1029905994574244,59709.0,-0.03332940162614657,-62519.0,-472456.0,-0.03332940162614657,-174723.0,-297733.0,-0.021003570140621552,-0.05,-0.05,5954660.0,5954660.0,https://www.sec.gov/Archives/edgar/data/1069533/000090650402000022/0000906504-02-000022-index.html,https://www.sec.gov/Archives/edgar/data/1069533/000090650402000022/aug10q02doc.txt
0,2002-03-31,RGCO,2002-05-15 00:00:00,2002-05-15 09:52:05,Q2,31744381,22356955,9387426.0,0.29571929595981095,0.0,0.0,0.0,0.0,2775507.0,27209319,0.0,0.0,5905511.0,0.18603326995098754,4535062.0,0.12607109900804178,-21060.0,4002049.0,0.12607109900804178,1531603.0,2470446.0,0.07782309568424094,0.426667,0.426667,5790108.0,5790108.0,https://www.sec.gov/Archives/edgar/data/1069533/000090650402000015/0000906504-02-000015-index.html,https://www.sec.gov/Archives/edgar/data/1069533/000090650402000015/may10q02.txt
0,2001-12-31,RGCO,2002-02-14 00:00:00,2002-02-14 00:00:00,Q1,22854607,11174538,11680069,0.511059717631548,0.0,0.0,0.0,0.0,3196380.0,20894989,0.0,0.0,3341197.0,0.14619358801488033,1959618.0,0.059717281509150434,-31285.0,1364815.0,0.059717281509150434,524040.0,840775.0,0.036787987647304544,0.146667,0.146667,5732557.0,5732557.0,https://www.sec.gov/Archives/edgar/data/1069533/000090650402000005/0000906504-02-000005-index.html,https://www.sec.gov/Archives/edgar/data/1069533/000090650402000005/dec0110q.txt
0,2001-09-30,RGCO,,,Q4,12808004,20813986,-8005982.0,-0.6250764756163412,0.0,0.0,0.0,0.0,-11193035,13929726,0.0,0.0,93662.0,0.007312770982894758,-1121722.0,-0.1358202261648263,-27615.0,-1739586.0,-0.1358202261648263,-529427.0,-1210159.0,-0.0944845894801407,0.0,0.0,0.0,0.0,,
0,2001-06-30,RGCO,2001-08-14 00:00:00,2001-08-14 00:00:00,Q3,17001122,8973419.0,8027703.0,0.47218665920990394,0.0,0.0,0.0,0.0,3536291.0,17426019,0.0,0.0,860608.0,0.05062065903650359,-424897.0,-0.061580347461773405,-24319.0,-1046935.0,-0.061580347461773405,-400334.0,-715416.0,-0.042080516803538026,-0.113333,-0.113333,6312494.0,6312494.0,https://www.sec.gov/Archives/edgar/data/1069533/000090650401500012/0000906504-01-500012-index.html,https://www.sec.gov/Archives/edgar/data/1069533/000090650401500012/june10qtxt.txt
0,2001-03-31,RGCO,2001-05-15 00:00:00,2001-05-15 00:00:00,Q2,46448858,31953910,14494948,0.3120625269193916,0.0,0.0,0.0,0.0,7759780.0,41826443,0.0,0.0,5915086.0,0.12734620945901404,4622415.0,0.0822151967654404,-31483.0,3818802.0,0.0822151967654404,1472287.0,2346515.0,0.05051824955524203,0.413333,0.413333,5677052.0,5677052.0,https://www.sec.gov/Archives/edgar/data/1069533/000090650401500006/0000906504-01-500006-index.html,https://www.sec.gov/Archives/edgar/data/1069533/000090650401500006/mayex10a.txt
0,2000-12-31,RGCO,2001-02-14 00:00:00,2001-02-14 00:00:00,Q1,41185163,24593410,16591753,0.40285752905724814,0.0,0.0,0.0,0.0,4032648.0,37532326,0.0,0.0,4939758.0,0.11994023187427957,3652837.0,0.06881975919337747,-29732.0,2834353.0,0.06881975919337747,1017493.0,1816860.0,0.04411443023789902,0.32,0.32,5677688.0,5677688.0,https://www.sec.gov/Archives/edgar/data/1069533/000090650401000013/0000906504-01-000013-index.html,https://www.sec.gov/Archives/edgar/data/1069533/000090650401000013/0000906504-01-000013-0001.txt
0,2000-09-30,RGCO,2000-12-19 00:00:00,2000-12-19 00:00:00,Q4,13945255,963236.0,12982019,0.9309273297619871,0.0,0.0,0.0,0.0,8891791.0,14210899,0.0,0.0,988897.0,0.07091279435191397,-265644.0,-0.07813941014345023,-180110.0,-1089674.0,-0.07813941014345023,-440609.0,-649065.0,-0.04654378855029901,0.0,0.0,0.0,0.0,https://www.sec.gov/Archives/edgar/data/1069533/000090650400000048/0000906504-00-000048-index.html,https://www.sec.gov/Archives/edgar/data/1069533/000090650400000048/0000906504-00-000048-0001.txt
0,2000-06-30,RGCO,2000-08-11 00:00:00,2000-08-11 00:00:00,Q3,14713147,7422464.0,7290683.0,0.4955216582828949,0.0,0.0,0.0,0.0,2676299.0,14661487,0.0,0.0,1183763.0,0.08045613898916391,51660.0,-0.03279461559107647,23616.0,-482512.0,-0.03279461559107647,-182407.0,-300105.0,-0.020397063932005844,-0.053333,-0.053333,5626969.0,5626969.0,https://www.sec.gov/Archives/edgar/data/1069533/000090650400000022/0000906504-00-000022-index.html,https://www.sec.gov/Archives/edgar/data/1069533/000090650400000022/0000906504-00-000022-0001.txt
0,2000-03-31,RGCO,2000-05-12 00:00:00,2000-05-12 00:00:00,Q2,26121686,16341554,9780132.0,0.3744066137231724,0.0,0.0,0.0,0.0,3626043.0,21864334,0.0,0.0,5039778.0,0.19293463676119527,4257352.0,0.14076415281923227,32468.0,3676997.0,0.14076415281923227,1013290.0,2663707.0,0.10197301200236462,0.476667,0.473333,5588197.0,5627550.0,https://www.sec.gov/Archives/edgar/data/1069533/000090650400000016/0000906504-00-000016-index.html,https://www.sec.gov/Archives/edgar/data/1069533/0000906504-00-000016.txt
0,1999-12-31,RGCO,2000-02-09 00:00:00,2000-02-09 00:00:00,Q1,18400000,11100000,7300000.0,0.3967391304347826,0.0,0.0,0.0,0.0,3300000.0,16400000,0.0,0.0,3200000.0,0.17391304347826086,2000000.0,0.09239130434782608,0.0,1700000.0,0.09239130434782608,500000.0,1200000.0,0.06521739130434782,0.21,0.21,5714286.0,5714286.0,https://www.sec.gov/Archives/edgar/data/1069533/000090650400000002/0000906504-00-000002-index.html,https://www.sec.gov/Archives/edgar/data/1069533/0000906504-00-000002.txt
0,1999-09-30,RGCO,1999-12-16 00:00:00,1999-12-16 00:00:00,Q4,8200000.0,4600000.0,3600000.0,0.43902439024390244,0.0,0.0,0.0,0.0,2200000.0,8700000.0,0.0,0.0,400000.0,0.04878048780487805,-500000.0,-0.10975609756097561,100000.0,-900000.0,-0.10975609756097561,-200000.0,-700000.0,-0.08536585365853659,0.0,0.0,0.0,0.0,https://www.sec.gov/Archives/edgar/data/1069533/000090650499000093/0000906504-99-000093-index.html,https://www.sec.gov/Archives/edgar/data/1069533/0000906504-99-000093.txt
0,1999-06-30,RGCO,1999-08-13 00:00:00,1999-08-13 00:00:00,Q3,9400000.0,5300000.0,4100000.0,0.43617021276595747,0.0,0.0,0.0,0.0,1900000.0,8900000.0,0.0,0.0,1600000.0,0.1702127659574468,500000.0,0.0,0.0,0.0,0.0,100000.0,-100000.0,-0.010638297872340425,-0.013333,-0.013333,5495050.0,5522388.0,https://www.sec.gov/Archives/edgar/data/1069533/000090650499000075/0000906504-99-000075-index.html,https://www.sec.gov/Archives/edgar/data/1069533/0000906504-99-000075.txt
0,1999-03-31,RGCO,1999-05-13 00:00:00,1999-05-13 00:00:00,Q2,23000000,13700000,9300000.0,0.4043478260869565,0.0,0.0,0.0,0.0,3100000.0,18800000,0.0,0.0,5200000.0,0.22608695652173913,4200000.0,0.16521739130434782,0.0,3800000.0,0.16521739130434782,1100000.0,2700000.0,0.11739130434782609,0.496667,0.493333,5436242.0,5472973.0,https://www.sec.gov/Archives/edgar/data/1069533/000090650499000053/0000906504-99-000053-index.html,https://www.sec.gov/Archives/edgar/data/1069533/0000906504-99-000053.txt
