,date,symbol,fillingDate,acceptedDate,period,revenue,costOfRevenue,grossProfit,grossProfitRatio,researchAndDevelopmentExpenses,generalAndAdministrativeExpenses,sellingAndMarketingExpenses,otherExpenses,operatingExpenses,costAndExpenses,interestExpense,depreciationAndAmortization,ebitda,ebitdaratio,operatingIncome,operatingIncomeRatio,totalOtherIncomeExpensesNet,incomeBeforeTax,incomeBeforeTaxRatio,incomeTaxExpense,netIncome,netIncomeRatio,eps,epsdiluted,weightedAverageShsOut,weightedAverageShsOutDil,link,finalLink
0,2020-09-30,LNT,2020-11-03,2020-11-03 12:36:12,Q3,920000000,11000000,909000000,0.9880434782608696,0.0,0.0,0.0,648000000,648000000,659000000,-68000000,156000000,428000000,0.4652173913043478,272000000,0.2956521739130435,27000000,229000000,0.24891304347826088,-20000000,249000000,0.27065217391304347,1.0,0.996,249000000,249800000,https://www.sec.gov/Archives/edgar/data/352541/000035254120000108/0000352541-20-000108-index.htm,https://www.sec.gov/Archives/edgar/data/352541/000035254120000108/lnt930202010-q.htm
0,2020-06-30,LNT,2020-08-10,2020-08-10 08:48:18,Q2,763100000,20900000,742200000,0.9726117153715109,0.0,0.0,0.0,27100000,574100000,595000000,69600000,152099999.99999997,350299999.99999994,0.459049,168100000,0.220286,-2500000.0,128600000,0.168523,-8300000.0,136900000,0.1794,0.54804,0.54804,249800000,249800000,https://www.sec.gov/Archives/edgar/data/352541/000035254120000090/0000352541-20-000090-index.htm,https://www.sec.gov/Archives/edgar/data/352541/000035254120000090/lnt630202010-q.htm
0,2020-03-31,LNT,2020-05-08,2020-05-08 13:47:26,Q1,915700000,85000000,830700000,0.907174838921044,0.0,0.0,0.0,27600000,642400000,727400000,68900000,146300000,369100000,0.40308,188300000,0.205635,-1900000.0,153900000,0.168068,-18700000,172600000,0.18849,0.70564,0.70564,244600000,244600000,https://www.sec.gov/Archives/edgar/data/352541/000035254120000064/0000352541-20-000064-index.htm,https://www.sec.gov/Archives/edgar/data/352541/000035254120000021/lnt1231201910-k.htm
0,2019-12-31,LNT,2020-02-21,2020-02-21 14:15:21,Q4,880100000,70600000,809500000,0.9197818429723895,0.0,0.0,0.0,26500000,648600000,719200000,-34000.0,143600000.00000003,276866000,0.314585,160900000,0.18282,-3400000.0,133300000,0.15146,19300000,114000000,0.129531,0.47225,0.47225,241400000,241400000,https://www.sec.gov/Archives/edgar/data/352541/000035254120000021/0000352541-20-000021-index.htm,https://www.sec.gov/Archives/edgar/data/352541/000035254120000021/lnt1231201910-k.htm
0,2019-09-30,LNT,2019-11-07,2019-11-07 12:15:33,Q3,990200000,9100000.0,981100000,0.9908099373863866,0.0,0.0,0.0,27400000,690900000,700000000,68300000,143800000,463800000,0.46839,290200000,0.293072,-3700000.0,251700000,0.254191,23100000,228600000,0.230862,0.9529,0.9529,239900000,239900000,https://www.sec.gov/Archives/edgar/data/352541/000035254119000099/0000352541-19-000099-index.htm,https://www.sec.gov/Archives/edgar/data/352541/000035254119000099/lnt930201910-q.htm
0,2019-06-30,LNT,2019-08-02,2019-08-02 15:00:08,Q2,790200000,20400000,769800000,0.9741837509491268,0.0,0.0,0.0,27600000,620000000,640400000,69200000,142900000,320400000,0.405467,149800000,0.189572,-3300000.0,108300000,0.137054,11200000,97100000,0.12288,0.40781,0.40781,238100000,238100000,https://www.sec.gov/Archives/edgar/data/352541/000035254119000082/0000352541-19-000082-index.htm,https://www.sec.gov/Archives/edgar/data/352541/000035254119000082/lnt630201910-q.htm
0,2019-03-31,LNT,2019-05-03,2019-05-03 12:22:55,Q1,987200000,121600000,865600000,0.8768233387358185,0.0,0.0,0.0,29300000,688800000,810400000,66300000,136900000,346000000,0.350486,176800000,0.179092,-4000000.0,142800000,0.144652,15100000,127700000,0.129356,0.53973,0.53973,236600000,236600000,https://www.sec.gov/Archives/edgar/data/352541/000035254119000053/0000352541-19-000053-index.htm,https://www.sec.gov/Archives/edgar/data/352541/000035254119000013/lnt1231201810-k.htm
0,2018-12-31,LNT,2019-02-22,2019-02-22 15:39:51,Q4,873500000,82300000,791200000,0.9057813394390384,0.0,0.0,0.0,26300000,669800000.0000001,752100000.0000001,63200000,130500000,287100000,0.328678,121400000,0.138981,-1600000.0,93400000,0.106926,5600000.0,87800000,0.100515,0.37251,0.37251,235700000,235700000,https://www.sec.gov/Archives/edgar/data/352541/000035254119000013/0000352541-19-000013-index.htm,https://www.sec.gov/Archives/edgar/data/352541/000035254119000013/lnt1231201810-k.htm
0,2018-09-30,LNT,2018-11-07,2018-11-07 16:40:50,Q3,928600000,11300000,917300000,0.9878311436571182,0.0,0.0,0.0,26900000,661200000,672500000,63300000,128999999.99999997,417699999.99999994,0.449817,256100000,0.275792,-1600000.0,219800000,0.2367,17300000,208100000,0.224101,0.88478,0.88478,235200000,235200000,https://www.sec.gov/Archives/edgar/data/352541/000035254118000089/0000352541-18-000089-index.htm,https://www.sec.gov/Archives/edgar/data/352541/000035254118000089/lnt930201810-q.htm
0,2018-06-30,LNT,2018-08-03,2018-08-03 12:00:30,Q2,816100000,27500000,788600000,0.9663031491238819,0.0,0.0,0.0,24200000,637400000,664900000,61300000,127000000,304800000,0.373484,151200000,0.185271,-2000000.0,116500000,0.142752,13600000,102900000,0.126087,0.44353,0.44353,232000000,232000000,https://www.sec.gov/Archives/edgar/data/352541/000035254118000078/0000352541-18-000078-index.htm,https://www.sec.gov/Archives/edgar/data/352541/000035254118000078/lnt630201810-q.htm
0,2018-03-31,LNT,2018-05-03,2018-05-03 17:00:08,Q1,916300000,111200000,805100000,0.878642366037324,0.0,0.0,0.0,27000000,639400000,750600000,59200000,120400000,319900000,0.349121,165700000,0.180836,-2400000.0,140300000,0.153116,16800000,123500000,0.134781,0.53371,0.53371,231400000,231400000,https://www.sec.gov/Archives/edgar/data/352541/000035254118000051/0000352541-18-000051-index.htm,https://www.sec.gov/Archives/edgar/data/352541/000035254118000019/lnt1231201710-k.htm
0,2017-12-31,LNT,2018-02-23,2018-02-23 15:57:37,Q4,856100000,75900000,780200000,0.9113421329283962,0.0,0.0,0.0,26500000,646200000,722100000,56600000,119100000.00000001,291900000,0.340965,134000000,0.156524,-4200000.0,98100000,0.114589,19900000,96300000,0.112487,0.41652,0.41652,231200000,231200000,https://www.sec.gov/Archives/edgar/data/352541/000035254118000019/0000352541-18-000019-index.htm,https://www.sec.gov/Archives/edgar/data/352541/000035254118000019/lnt1231201710-k.htm
0,2017-09-30,LNT,2017-11-03,2017-11-03 14:10:02,Q3,906900000,15000000,891900000,0.983460138934833,0.0,0.0,0.0,27000000,655600000,670600000,53900000,120699999.99999999,372100000,0.410299,236300000,0.260558,-4600000.0,197500000,0.217775,26100000,171400000,0.188995,0.74199,0.74199,231000000,231000000,https://www.sec.gov/Archives/edgar/data/352541/000035254117000103/0000352541-17-000103-index.htm,https://www.sec.gov/Archives/edgar/data/352541/000035254117000103/lnt930201710-q.htm
0,2017-06-30,LNT,2017-08-04,2017-08-04 14:19:54,Q2,765300000,28300000,737000000,0.9630210375016334,0.0,0.0,0.0,25700000,583300000.0000001,611600000.0000001,52800000,115000000,285800000,0.373448,153700000,0.200836,-4300000.0,118000000,0.154188,21200000,96800000,0.126486,0.42271,0.42271,229000000,229000000,https://www.sec.gov/Archives/edgar/data/352541/000035254117000081/0000352541-17-000081-index.htm,https://www.sec.gov/Archives/edgar/data/352541/000035254117000081/lnt630201710-q.htm
0,2017-03-31,LNT,2017-05-04,2017-05-04 13:48:06,Q1,853900000,92200000,761700000,0.8920248272631456,0.0,0.0,0.0,26400000,614500000,706700000,52300000,107000000,279900000,0.32779,147200000,0.172386,-4200000.0,119200000,0.139595,17600000,103000000,0.120623,0.45255,0.45255,227600000,227600000,https://www.sec.gov/Archives/edgar/data/352541/000035254117000054/0000352541-17-000054-index.htm,https://www.sec.gov/Archives/edgar/data/352541/000035254117000017/lnt1231201610-k.htm
0,2016-12-31,LNT,2017-02-24,2017-02-24 14:12:09,Q4,797000000,62000000,735000000,0.9222082810539524,0.0,0.0,0.0,25100000,618000000,680000000,51400000,102900000.00000003,231700000.00000003,0.290715,117000000,0.146801,-16900000,77700000,0.097491,12200000,65200000,0.081807,0.28672,0.28672,227400000,227400000,https://www.sec.gov/Archives/edgar/data/352541/000035254117000017/0000352541-17-000017-index.htm,https://www.sec.gov/Archives/edgar/data/352541/000035254117000017/lnt1231201610-k.htm
0,2016-09-30,LNT,2016-11-04,2016-11-04 12:28:32,Q3,924600000,12500000,912100000,0.9864806402768765,0.0,0.0,0.0,25900000,749500000,762000000,48800000,104100000,291400000,0.315163,162600000,0.17586,51000000,138900000,0.150227,7500000.0,131000000,0.141683,0.57658,0.57658,227200000,227200000,https://www.sec.gov/Archives/edgar/data/352541/000035254116000203/0000352541-16-000203-index.htm,https://www.sec.gov/Archives/edgar/data/352541/000035254116000203/lnt930201610-q.htm
0,2016-06-30,LNT,2016-08-02,2016-08-02 13:47:00,Q2,754600000,24600000,730000000,0.9673999469917838,0.0,0.0,0.0,25000000,601400000,626000000,48000000,102100000,254600000,0.337397,128600000,0.170421,0.0,105000000,0.139147,18100000,86400000,0.114498,0.38062,0.38062,227000000,227000000,https://www.sec.gov/Archives/edgar/data/352541/000035254116000165/0000352541-16-000165-index.htm,https://www.sec.gov/Archives/edgar/data/352541/000035254116000165/lnt630201610-q.htm
0,2016-03-31,LNT,2016-05-05,2016-05-05 11:38:28,Q1,843800000,95200000,748600000,0.887177056174449,0.0,0.0,0.0,26300000,602699999.9999999,697899999.9999999,48000000,102500000,271200000,0.321403,145900000,0.172908,26000000,121800000,0.144347,21600000,99100000,0.117445,0.43695,0.43695,226800000,226800000,https://www.sec.gov/Archives/edgar/data/352541/000035254116000116/0000352541-16-000116-index.htm,https://www.sec.gov/Archives/edgar/data/352541/000035254116000076/lnt1231201510-k.htm
0,2015-12-31,LNT,2016-02-24,2016-02-24 15:40:11,Q4,740100000,52800000,687300000,0.9286582894203486,0.0,0.0,0.0,25100000,608100000,660900000,47600000,101400000.00000003,196500000.00000003,0.265505,79200000,0.107013,25000000,48600000,0.065667,10900000,36600000,0.049453,0.16152,0.16152,226600000,226600000,https://www.sec.gov/Archives/edgar/data/352541/000035254116000076/0000352541-16-000076-index.htm,https://www.sec.gov/Archives/edgar/data/352541/000035254116000076/lnt1231201510-k.htm
0,2015-09-30,LNT,2015-11-06,2015-11-06 13:08:25,Q3,898900000,13600000,885300000,0.9848703971520748,0.0,0.0,0.0,25600000,649400000,663000000,46400000,99299999.99999999,356000000,0.39604,235900000,0.262432,25000000,210400000,0.234064,27800000,182500000,0.203026,0.8061,0.8061,226400000,226400000,https://www.sec.gov/Archives/edgar/data/352541/000035254115000030/0000352541-15-000030-index.htm,https://www.sec.gov/Archives/edgar/data/352541/000035254115000030/lnt930201510-q.htm
0,2015-06-30,LNT,2015-08-06,2015-08-06 16:49:16,Q2,717200000,21900000,695300000,0.9694645844952593,0.0,0.0,0.0,26500000,586300000.0000001,608200000.0000001,46500000,100399999.99999999,228200000,0.318182,109000000,0.15198,27000000,82600000,0.11517,11200000,70100000,0.097741,0.3099,0.3099,226200000,226200000,https://www.sec.gov/Archives/edgar/data/352541/000035254115000022/0000352541-15-000022-index.htm,https://www.sec.gov/Archives/edgar/data/352541/000035254115000022/lnt630201510-q.htm
0,2015-03-31,LNT,2015-05-01,2015-05-01 13:54:08,Q1,897400000,130800000,766600000,0.8542455983953644,0.0,0.0,0.0,26500000,613700000,744500000,46600000,100200000,266500000,0.296969,152900000,0.170381,26000000,119700000,0.133385,20500000,99200000,0.110542,0.44644,0.44644,222200000,222200000,https://www.sec.gov/Archives/edgar/data/352541/000035254115000011/0000352541-15-000011-index.htm,https://www.sec.gov/Archives/edgar/data/352541/000035254115000005/lnt1231201410-k.htm
0,2014-12-31,LNT,2015-02-25,2015-02-24 20:52:50,Q4,804100000,99300000,704800000,0.8765078970277329,0.0,0.0,0.0,25300000,613500000,712800000,45700000,99700000.00000004,206000000.00000006,0.256187,91300000,0.113543,26000000,60800000,0.075612,-1900000.0,62500000,0.077727,0.28204,0.28204,221600000,221600000,https://www.sec.gov/Archives/edgar/data/352541/000035254115000005/0000352541-15-000005-index.htm,https://www.sec.gov/Archives/edgar/data/352541/000035254115000005/lnt1231201410-k.htm
0,2014-09-30,LNT,2014-11-07,2014-11-07 14:40:47,Q3,843100000,21900000,821200000,0.9740244336377654,0.0,0.0,0.0,25600000,626400000,648300000,44600000,97099999.99999997,309999999.99999994,0.367691,194800000,0.231052,25000000,170200000,0.201874,12400000,155900000,0.184913,0.70352,0.70352,221600000,221600000,https://www.sec.gov/Archives/edgar/data/352541/000035254114000025/0000352541-14-000025-index.htm,https://www.sec.gov/Archives/edgar/data/352541/000035254114000025/lnt930201410-q.htm
0,2014-06-30,LNT,2014-08-07,2014-08-07 12:19:38,Q2,750300000,45000000,705300000,0.9400239904038384,0.0,0.0,0.0,24100000,602000000,647000000,45100000,95800000.00000001,218400000,0.291084,103300000,0.137678,24000000,77800000,0.103692,13200000,64300000,0.085699,0.29016,0.29016,221600000,221600000,https://www.sec.gov/Archives/edgar/data/352541/000035254114000019/0000352541-14-000019-index.htm,https://www.sec.gov/Archives/edgar/data/352541/000035254114000019/lnt630201410-q.htm
0,2014-03-31,LNT,2014-05-02,2014-05-02 14:06:14,Q1,952800000,186700000,766100000,0.8040512174643157,0.0,0.0,0.0,26100000,611900000.0000001,798600000.0000001,45200000,95500000,271900000,0.285369,154200000,0.161839,26000000,131200000,0.137699,20600000,110600000,0.116079,0.4991,0.4991,221600000,221600000,https://www.sec.gov/Archives/edgar/data/352541/000035254114000011/0000352541-14-000011-index.htm,https://www.sec.gov/Archives/edgar/data/352541/000035254114000006/lnt1231201310-k.htm
0,2013-12-31,LNT,2014-02-25,2014-02-25 16:20:51,Q4,832600000,144700000,687900000,0.8262070622147489,0.0,0.0,0.0,25300000,579300000,724000000,45200000,93500000,220500000,0.264833,108600000,0.130435,25000000,82800000,0.099448,13700000,68100000,0.081792,0.30731,0.30731,221600000,221600000,https://www.sec.gov/Archives/edgar/data/352541/000035254114000006/0000352541-14-000006-index.htm,https://www.sec.gov/Archives/edgar/data/352541/000035254114000006/lnt1231201310-k.htm
0,2013-09-30,LNT,2013-11-07,2013-11-07 11:59:26,Q3,866600000,72900000,793700000,0.9158781444726517,0.0,0.0,0.0,24900000,592300000.0000001,665200000.0000001,42500000,92099999.99999997,312399999.99999994,0.360489,201400000,0.232402,47000000,179100000,0.20667,17600000,160200000,0.18486,0.72292,0.72292,221600000,221600000,https://www.sec.gov/Archives/edgar/data/352541/000035254113000026/0000352541-13-000026-index.htm,https://www.sec.gov/Archives/edgar/data/352541/000035254113000026/lnt930201310-q.htm
0,2013-06-30,LNT,2013-08-02,2013-08-02 16:06:23,Q2,718000000,90900000,627100000,0.8733983286908078,0.0,0.0,0.0,23300000,523900000,614800000,42500000,92700000.00000001,213500000.00000003,0.297354,103200000,0.143733,14000000,78900000,0.109889,10500000,67800000,0.094429,0.30596,0.30596,221600000,221600000,https://www.sec.gov/Archives/edgar/data/352541/000035254113000020/0000352541-13-000020-index.htm,https://www.sec.gov/Archives/edgar/data/352541/000035254113000020/lnt630201310-q.htm
0,2013-03-31,LNT,2013-05-03,2013-05-03 13:39:44,Q1,859600000,185000000,674600000,0.7847836202885062,0.0,0.0,0.0,26100000,553900000,738900000,42600000,92600000,227400000,0.264542,120700000,0.140414,13000000,95200000,0.110749,12100000,80100000,0.093183,0.36146,0.36146,221600000,221600000,https://www.sec.gov/Archives/edgar/data/352541/000035254113000012/0000352541-13-000012-index.htm,https://www.sec.gov/Archives/edgar/data/352541/000035254113000007/lnt1231201210-k.htm
0,2012-12-31,LNT,2013-02-26,2013-02-26 17:15:59,Q4,750900000,131400000,619500000,0.8250099880143827,0.0,0.0,0.0,24700000,517900000,649300000,40900000,84999999.99999997,203799999.99999997,0.271408,101600000,0.135304,53000000,80700000,0.107471,5600000.0,72300000,0.096284,0.32626,0.32626,221600000,221600000,https://www.sec.gov/Archives/edgar/data/352541/000035254113000007/0000352541-13-000007-index.htm,https://www.sec.gov/Archives/edgar/data/352541/000035254113000007/lnt1231201210-k.htm
0,2012-09-30,LNT,2012-11-09,2012-11-09 11:38:52,Q3,887600000,101700000,785900000,0.8854213609734114,0.0,0.0,0.0,23700000,572199999.9999999,673899999.9999999,38300000,83600000,315900000,0.355904,213700000,0.240762,47000000,192300000,0.216652,39300000,154700000,0.17429,0.6981,0.6981,221600000,221600000,https://www.sec.gov/Archives/edgar/data/352541/000035254112000017/0000352541-12-000017-index.htm,https://www.sec.gov/Archives/edgar/data/352541/000035254112000017/lnt930201210-q.htm
0,2012-06-30,LNT,2012-08-03,2012-08-03 15:12:38,Q2,690300000,89300000,601000000,0.8706359553817181,0.0,0.0,0.0,24500000,492200000,581500000,38600000,80700000.00000001,205900000.00000003,0.298276,108800000,0.157613,13000000,86200000,0.124873,16800000,69800000,0.101115,0.31512,0.31512,221500000,221500000,https://www.sec.gov/Archives/edgar/data/352541/000035254112000008/0000352541-12-000008-index.htm,https://www.sec.gov/Archives/edgar/data/352541/000035254112000008/lnt630201210-q.htm
0,2012-03-31,LNT,2012-05-04,2012-05-04 14:52:20,Q1,765700000,166300000,599400000,0.7828131121849288,0.0,0.0,0.0,25300000,503800000,670100000,38900000,83600000,189100000,0.246964,95600000,0.124853,13000000,71000000,0.092726,27700000,38900000,0.050803,0.17562,0.17562,221500000,221500000,https://www.sec.gov/Archives/edgar/data/352541/000119312512211596/0001193125-12-211596-index.htm,https://www.sec.gov/Archives/edgar/data/352541/000119312512081622/d258440d10k.htm
0,2011-12-31,LNT,2012-02-27,2012-02-27 16:20:49,Q4,760800000,136200000,624600000,0.8209779179810726,0.0,0.0,0.0,23600000,518599999.9999999,654799999.9999999,38600000,81500000,195800000,0.257361,106000000,0.139327,62000000,82600000,0.10857,14700000,61000000,0.080179,0.27552,0.27552,221400000,221400000,https://www.sec.gov/Archives/edgar/data/352541/000119312512081622/0001193125-12-081622-index.htm,https://www.sec.gov/Archives/edgar/data/352541/000119312512081622/d258440d10k.htm
0,2011-09-30,LNT,2011-11-03,2011-11-03 17:17:58,Q3,870900000,100000000,770900000,0.8851762544494202,0.0,0.0,0.0,24800000,561500000,661500000,38700000,81300000.00000001,289200000,0.33207,209400000,0.240441,13000000,184100000,0.211391,43300000,125900000,0.144563,0.56865,0.56865,221400000,221400000,https://www.sec.gov/Archives/edgar/data/352541/000119312511295400/0001193125-11-295400-index.htm,https://www.sec.gov/Archives/edgar/data/352541/000119312511295400/d231054d10q.htm
0,2011-06-30,LNT,2011-08-05,2011-08-05 09:31:28,Q2,712500000,102000000,610500000,0.8568421052631578,0.0,0.0,0.0,24700000,539900000,641900000,40400000,82200000,166700000,0.233965,70600000,0.099088,13000000,43300000,0.060772,-11200000,55300000,0.077614,0.24977,0.24977,221400000,221400000,https://www.sec.gov/Archives/edgar/data/352541/000119312511211511/0001193125-11-211511-index.htm,https://www.sec.gov/Archives/edgar/data/352541/000119312511211511/d10q.htm
0,2011-03-31,LNT,2011-05-05,2011-05-05 12:12:51,Q1,877200000,214200000,663000000,0.7558139534883721,0.0,0.0,0.0,25100000,535700000,749900000,40600000,78800000,221500000,0.252508,127300000,0.145121,13000000,100600000,0.114683,22400000,79700000,0.090857,0.36014,0.36014,221300000,221300000,https://www.sec.gov/Archives/edgar/data/352541/000119312511127887/0001193125-11-127887-index.htm,https://www.sec.gov/Archives/edgar/data/352541/000119312511049662/d10k.htm
0,2010-12-31,LNT,2011-02-28,2011-02-28 15:15:04,Q4,832600000,157000000,675600000,0.8114340619745376,0.0,0.0,0.0,24700000,575800000,732800000,40800000,76400000,192600000,0.231324,99800000,0.119865,25000000,75100000,0.090199,23400000,52000000,0.062455,0.23508,0.23508,221200000,221200000,https://www.sec.gov/Archives/edgar/data/352541/000119312511049662/0001193125-11-049662-index.htm,https://www.sec.gov/Archives/edgar/data/352541/000119312511049662/d10k.htm
0,2010-09-30,LNT,2010-10-29,2010-10-29 10:56:57,Q3,951700000,105800000,845900000,0.8888305138173794,0.0,0.0,0.0,24200000,599300000.0000001,705100000.0000001,41900000,75500000,335200000,0.352212,246600000,0.259115,24000000,219600000,0.230745,64100000,153700000,0.1615,0.69516,0.69516,221100000,221100000,https://www.sec.gov/Archives/edgar/data/352541/000119312510240771/0001193125-10-240771-index.htm,https://www.sec.gov/Archives/edgar/data/352541/000119312510240771/d10q.htm
0,2010-06-30,LNT,2010-08-05,2010-08-05 14:11:01,Q2,741600000,101200000,640400000,0.8635382955771306,0.0,0.0,-41888000,25000000,539699999.9999999,640899999.9999999,66683000,65500000,207683000,0.280047,100700000,0.135787,25000000,75700000,0.102077,23000000,52500000,0.070793,0.23756,0.23756,221000000,221000000,https://www.sec.gov/Archives/edgar/data/352541/000119312510179039/0001193125-10-179039-index.htm,https://www.sec.gov/Archives/edgar/data/352541/000119312510179039/d10q.htm
0,2010-03-31,LNT,2010-05-05,2010-05-04 18:19:40,Q1,890200000,219700000,670500000,0.7532015277465738,0.0,0.0,0.0,25700000,561500000,781200000,-40000000,74900000,117700000,0.132217,109000000,0.122444,25000000,82800000,0.093013,34700000,48100000,0.054033,0.21775,0.21775,220900000,220900000,https://www.sec.gov/Archives/edgar/data/352541/000119312510106871/0001193125-10-106871-index.htm,https://www.sec.gov/Archives/edgar/data/352541/000035254110000009/form10k123109.htm
0,2009-12-31,LNT,2010-02-26,2010-02-26 16:12:12,Q4,853700000,161000000,692700000,0.8114091601265081,0.0,0.0,0.0,23900000,592200000,753200000,-41000000,73900000.00000003,108500000.00000003,0.127094,100500000,0.117723,24000000,74200000,0.086916,17300000,58300000,0.068291,0.26404,0.26404,220800000,220800000,https://www.sec.gov/Archives/edgar/data/352541/000035254110000009/0000352541-10-000009-index.htm,https://www.sec.gov/Archives/edgar/data/352541/000035254110000009/form10k123109.htm
0,2009-09-30,LNT,2009-10-30,2009-10-30 10:59:24,Q3,884000000,98700000,785300000,0.8883484162895927,0.0,0.0,0.0,24900000,828699999.9999999,927399999.9999999,-78000000,69899999.99999999,-70000000.00000001,-0.079186,-43400000,-0.049095,1200000.0,-61200000,-0.069231,-22200000,-39700000,-0.04491,-0.17996,-0.17996,220600000,220600000,https://www.sec.gov/Archives/edgar/data/352541/000035254109000015/0000352541-09-000015-index.htm,https://www.sec.gov/Archives/edgar/data/352541/000035254109000015/form10q093009.htm
0,2009-06-30,LNT,2009-08-06,2009-08-06 14:19:53,Q2,740800000,102400000,638400000,0.8617710583153347,0.0,0.0,0.0,25500000,576000000,678400000,-33000000,66700000.00000002,81900000.00000001,0.110556,62400000,0.084233,1500000.0,48100000,0.06493,14400000,33800000,0.045626,0.15315,0.15315,220700000,220700000,https://www.sec.gov/Archives/edgar/data/352541/000010783209000008/0000107832-09-000008-index.htm,https://www.sec.gov/Archives/edgar/data/352541/000010783209000008/form10q063009.htm
0,2009-03-31,LNT,2009-05-04,2009-05-04 10:02:53,Q1,948800000,266900000,681900000,0.7186973018549747,0.0,0.0,0.0,25800000,608200000,875100000,-2000000.0,65100000,121600000,0.128162,73700000,0.077677,1700000.0,58400000,0.061551,-18800000,77300000,0.081471,0.35041,0.35041,220600000,220600000,https://www.sec.gov/Archives/edgar/data/352541/000010783209000003/0000107832-09-000003-index.htm,https://www.sec.gov/Archives/edgar/data/352541/000010783209000001/form10k123108.htm
0,2008-12-31,LNT,2009-02-27,2009-02-27 15:28:07,Q4,882000000,153800000,728200000,0.8256235827664399,0.0,0.0,0.0,24700000,637200000,791000000,-35000000,60700000.00000002,102400000.00000001,0.1161,91000000,0.103175,4100000.0,77100000,0.087415,21400000,55300000,0.062698,0.25068,0.25068,220600000,220600000,https://www.sec.gov/Archives/edgar/data/352541/000010783209000001/0000107832-09-000001-index.htm,https://www.sec.gov/Archives/edgar/data/352541/000010783209000001/form10k123108.htm
0,2008-09-30,LNT,2008-10-31,2008-10-31 17:15:10,Q3,980300000,46900000,933400000,0.9521575028052637,0.0,0.0,0.0,25800000,742900000,789800000,-61000000,57899999.99999999,177600000,0.181169,190500000,0.194328,-700000.0,181300000,0.184943,67600000,113100000,0.115373,0.51269,0.51269,220600000,220600000,https://www.sec.gov/Archives/edgar/data/352541/000010783208000031/0000107832-08-000031-index.htm,https://www.sec.gov/Archives/edgar/data/352541/000010783208000031/form10q093008.htm
0,2008-06-30,LNT,2008-08-06,2008-08-06 15:31:40,Q2,827400000,86800000,740600000,0.8950930626057529,0.0,0.0,0.0,26200000,658600000,745400000,-29000000,61699999.99999999,109000000,0.131738,82000000,0.099106,-100000.0,67300000,0.081339,10800000,65500000,0.079164,0.29692,0.29692,220600000,220600000,https://www.sec.gov/Archives/edgar/data/352541/000010783208000029/0000107832-08-000029-index.htm,https://www.sec.gov/Archives/edgar/data/352541/000010783208000029/form10q06308.htm
0,2008-03-31,LNT,2008-05-01,2008-05-01 15:33:06,Q1,992000000,232100000,759900000,0.7660282258064516,0.0,0.0,0.0,26100000,634800000,866900000,-29000000,61600000,145800000,0.146976,125100000,0.126109,200000.0,113200000,0.114113,40400000,72800000,0.073387,0.33001,0.33001,220600000,220600000,https://www.sec.gov/Archives/edgar/data/352541/000010783208000021/0000107832-08-000021-index.htm,https://www.sec.gov/Archives/edgar/data/352541/000010783208000019/form10k123107.htm
0,2007-12-31,LNT,2008-02-28,2008-02-28 17:10:16,Q4,871400000,136600000,734800000,0.8432407619921964,0.0,0.0,0.0,27100000,393100000,529700000,-30000000,65399999.99999998,349500000,0.401079,341700000,0.392128,2700000.0,319200000,0.366307,120900000,193200000,0.221712,0.87619,0.87619,220500000,220500000,https://www.sec.gov/Archives/edgar/data/352541/000010783208000019/0000107832-08-000019-index.htm,https://www.sec.gov/Archives/edgar/data/352541/000010783208000019/form10k123107.htm
0,2007-09-30,LNT,2007-11-02,2007-11-02 15:11:34,Q3,907300000,31700000,875600000,0.9650611705058966,0.0,0.0,0.0,26800000,672000000,703700000,-86000000,65300000.00000001,164100000,0.180866,203600000,0.224402,2100000.0,181400000,0.199934,65200000,119600000,0.13182,0.5385,0.5385,222100000,222100000,https://www.sec.gov/Archives/edgar/data/352541/000010783207000159/0000107832-07-000159-index.htm,https://www.sec.gov/Archives/edgar/data/352541/000010783207000159/form10q093007.htm
0,2007-06-30,LNT,2007-08-06,2007-08-06 16:19:00,Q2,746200000,60900000,685300000,0.9183864915572233,0.0,0.0,0.0,27000000,588300000.0000001,649200000.0000001,-28300000,66000000,117400000,0.15733,97000000,0.129992,11000000,76100000,0.101983,30900000,48800000,0.065398,0.20944,0.20944,233000000,233000000,https://www.sec.gov/Archives/edgar/data/352541/000010783207000116/0000107832-07-000116-index.htm,https://www.sec.gov/Archives/edgar/data/352541/000010783207000116/form10q063007.htm
0,2007-03-31,LNT,2007-05-04,2007-05-04 13:35:04,Q1,912700000,211900000,700800000,0.7678317081187684,0.0,0.0,0.0,27800000,580000000,791900000,-20500000,66000000,148000000,0.162156,120800000,0.132355,-100000.0,103800000,0.113728,38800000,63700000,0.069793,0.27516,0.27516,231500000,231500000,https://www.sec.gov/Archives/edgar/data/352541/000010783207000078/0000107832-07-000078-index.htm,https://www.sec.gov/Archives/edgar/data/352541/000010783207000058/form10k123106.htm
0,2006-12-31,LNT,2007-03-01,2007-03-01 17:21:09,Q4,841300000,131400000,709900000,0.8438131463211697,0.0,0.0,0.0,27800000,604600000,736000000,-38000000,65499999.99999997,340199999.99999994,0.404374,105300000,0.125163,-16700000,310900000,0.369547,119600000,193100000,0.229526,0.83054,0.83054,232500000,232500000,https://www.sec.gov/Archives/edgar/data/352541/000010783207000058/0000107832-07-000058-index.htm,https://www.sec.gov/Archives/edgar/data/352541/000010783207000058/form10k123106.htm
0,2006-09-30,LNT,2006-11-03,2006-11-03 15:39:23,Q3,890400000,36300000,854100000,0.9592318059299192,0.0,0.0,0.0,26500000,683600000,719900000,-33000000,64400000,160100000,0.179807,170500000,0.191487,-9700000.0,137700000,0.15465,49900000,78800000,0.0885,0.33532,0.33532,235000000,235000000,https://www.sec.gov/Archives/edgar/data/352541/000010783206000156/0000107832-06-000156-index.htm,https://www.sec.gov/Archives/edgar/data/352541/000010783206000156/form10q093006.htm
0,2006-06-30,LNT,2006-08-04,2006-08-03 18:26:09,Q2,696800000,47700000,649100000,0.9315442020665902,0.0,0.0,0.0,27100000,551199999.9999999,598899999.9999999,-74000000,64500000,68600000,0.09845,97900000,0.140499,8500000.0,78800000,0.113088,32700000,45400000,0.065155,0.19286,0.19286,235400000,235400000,https://www.sec.gov/Archives/edgar/data/352541/000010783206000115/0000107832-06-000115-index.htm,https://www.sec.gov/Archives/edgar/data/352541/000010783206000115/form10q063006.htm
0,2006-03-31,LNT,2006-05-05,2006-05-05 14:52:42,Q1,930900000,216300000,714600000,0.7676442152755398,0.0,0.0,0.0,26800000,685599999.9999999,901899999.9999999,-28500000,67000000,37700000,0.040498,29000000,0.031153,13400000,13900000,0.014932,800000.0,-1600000.0,-0.001719,-0.00682,-0.00682,234700000,234700000,https://www.sec.gov/Archives/edgar/data/352541/000010783206000074/0000107832-06-000074-index.htm,https://www.sec.gov/Archives/edgar/data/352541/000010783206000055/form10k123105.htm
0,2005-12-31,LNT,2006-03-03,2006-03-02 18:59:10,Q4,906800000,207600000,699200000,0.7710630789589766,0.0,0.0,0.0,25900000,602500000,810100000,-43000000,86900000.00000003,-67099999.99999997,-0.073996,96700000,0.106639,-184700000,-108300000,-0.119431,-47100000,-63900000,-0.070468,-0.27319,-0.27319,233900000,233900000,https://www.sec.gov/Archives/edgar/data/352541/000010783206000055/0000107832-06-000055-index.htm,https://www.sec.gov/Archives/edgar/data/352541/000010783206000055/form10k123105.htm
0,2005-09-30,LNT,2005-11-08,2005-11-08 10:41:56,Q3,874200000,60100000,814100000,0.9312514298787463,0.0,0.0,0.0,25400000,643900000,704000000,-44000000,80399999.99999999,158799999.99999997,0.181652,170200000,0.194692,-29700000,109500000,0.125257,9900000.0,112500000,0.128689,0.48056,0.48056,234100000,234100000,https://www.sec.gov/Archives/edgar/data/352541/000010783205000198/0000107832-05-000198-index.htm,https://www.sec.gov/Archives/edgar/data/352541/000010783205000198/form10q093005.htm
0,2005-06-30,LNT,2005-08-08,2005-08-05 20:12:54,Q2,699800000,57800000,642000000,0.9174049728493855,0.0,0.0,0.0,23300000,558800000.0000001,616600000.0000001,-88000000,81200000.00000001,-90799999.99999999,-0.129751,83200000,0.118891,-87400000,-34000000,-0.048585,-25300000,-58700000,-0.083881,-0.25236,-0.25236,232600000,232600000,https://www.sec.gov/Archives/edgar/data/352541/000010783205000153/0000107832-05-000153-index.htm,https://www.sec.gov/Archives/edgar/data/352541/000010783205000153/form10q060305.htm
0,2005-03-31,LNT,2005-05-06,2005-05-05 18:21:18,Q1,798800000,179100000,619700000,0.7757886830245369,0.0,0.0,0.0,26400000,548300000,727400000,-43800000,80100000,48300000,0.060466,71400000,0.089384,8700000.0,36300000,0.045443,9600000.0,2400000.0,0.003005,0.01031,0.01031,232700000,232700000,https://www.sec.gov/Archives/edgar/data/352541/000010783205000092/0000107832-05-000092-index.htm,https://www.sec.gov/Archives/edgar/data/352541/000010783205000069/form10k12312004.htm
0,2004-12-31,LNT,2005-03-04,2005-03-04 12:55:09,Q4,742300000,134800000,607500000,0.8184022632358885,0.0,0.0,0.0,24600000,519099999.9999999,653899999.9999999,-179000000,80299999.99999999,-35400000.00000002,-0.04769,88400000,0.119089,29600000,78200000,0.105348,20600000,42700000,0.057524,0.18397,0.18397,232100000,232100000,https://www.sec.gov/Archives/edgar/data/352541/000010783205000069/0000107832-05-000069-index.htm,https://www.sec.gov/Archives/edgar/data/352541/000010783205000069/form10k12312004.htm
0,2004-09-30,LNT,2004-11-05,2004-11-05 14:26:23,Q3,693600000,29000000,664600000,0.9581891580161477,0.0,0.0,0.0,24000000,500500000,529500000,-46073000,79100000,152727000,0.220195,164100000,0.236592,8500000.0,130300000,0.18786,37900000,81800000,0.117935,0.35658,0.35658,229400000,229400000,https://www.sec.gov/Archives/edgar/data/352541/000010783204000240/0000107832-04-000240-index.htm,https://www.sec.gov/Archives/edgar/data/352541/000010783204000240/form10q093004.htm
0,2004-06-30,LNT,2004-08-06,2004-08-06 13:46:16,Q2,599200000,48400000,550800000,0.9192256341789052,0.0,0.0,0.0,25500000,467600000,516000000,-87052000,74900000,-8152000.0,-0.013605,83200000,0.138852,6300000.0,53000000,0.088451,17100000,-13100000,-0.021862,-0.05804,-0.05804,225700000,225700000,https://www.sec.gov/Archives/edgar/data/352541/000010783204000194/0000107832-04-000194-index.htm,https://www.sec.gov/Archives/edgar/data/352541/000010783204000194/form10q063004.htm
0,2004-03-31,LNT,2004-05-07,2004-05-06 21:38:39,Q1,769700000,184700000,585000000,0.7600363778095361,0.0,0.0,0.0,26100000,521300000,706000000,-200000.0,82600000,132100000,0.171625,63700000,0.08276,8600000.0,48100000,0.062492,15600000,34100000,0.044303,0.15278,0.15278,223200000,223200000,https://www.sec.gov/Archives/edgar/data/352541/000010783204000128/0000107832-04-000128-index.htm,https://www.sec.gov/Archives/edgar/data/352541/000010783204000096/form10k123103.htm
0,2003-12-31,LNT,2004-03-11,2004-03-11 17:00:40,Q4,800900000,7500000.0,793400000,0.990635535023099,0.0,0.0,0.0,21400000,699800000,707300000,-44926000000,55900000.00000001,-44806100000,-55.944687,93700000,0.116993,6200000.0,63500000,0.079286,15400000,48600000,0.060682,0.21853,0.21853,222400000,222400000,https://www.sec.gov/Archives/edgar/data/352541/000010783204000096/0000107832-04-000096-index.htm,https://www.sec.gov/Archives/edgar/data/352541/000010783204000096/form10k123103.htm
0,2003-09-30,LNT,2003-11-13 00:00:00,2003-11-13 17:24:22,Q3,743600000,39900000,703700000,0.946342,0.0,0.0,0.0,21200000,539500000,579400000,-43200000,76800000.00000001,178400000,0.239914,164300000,0.220952,5200000.0,126200000,0.169715,41600000,103200000,0.138784,0.47253,0.47253,218400000,218400000,https://www.sec.gov/Archives/edgar/data/107832/000010783203000146/0000107832-03-000146-index.html,https://www.sec.gov/Archives/edgar/data/52485/000010783203000146/form10q0903.htm
0,2003-06-30,LNT,2003-08-14 00:00:00,2003-08-14 10:58:42,Q2,494500000,49700000,444800000,0.899494,0.0,0.0,0.0,20800000,389900000.00000006,439600000.00000006,-45300000,76199999.99999999,67799999.99999999,0.137108,55000000,0.111223,4800000.0,14500000,0.029323,4700000.0,32200000,0.065116,0.19433,0.19433,165700000,165700000,https://www.sec.gov/Archives/edgar/data/107832/000010783203000068/0000107832-03-000068-index.html,https://www.sec.gov/Archives/edgar/data/52485/000010783203000068/form10q0603.txt
0,2003-03-31,LNT,2003-05-15 00:00:00,2003-05-15 16:29:45,Q1,908200000,188300000,719900000,0.792667,0.0,0.0,0.0,26100000,643000000,831300000,-58900000,77900000,26700000,0.029399,76900000,0.084673,4800000.0,22800000,0.025105,8200000.0,-500000.0,-0.000551,-0.0027,-0.0027,185100000,185100000,https://www.sec.gov/Archives/edgar/data/107832/000010783203000027/0000107832-03-000027-index.html,https://www.sec.gov/Archives/edgar/data/52485/000010783203000027/form10q0303.txt
0,2002-12-31,LNT,2003-03-26 00:00:00,2003-03-25 21:40:48,Q4,595900000,174900000,421000000,0.706494,0.0,0.0,0.0,17700000,376300000.00000006,551200000.0000001,-37100000,60300000.00000001,77700000.00000001,0.130391,44700000,0.075013,16300000,23900000,0.040107,8400000.0,46100000,0.077362,0.25068,0.25068,183900000,183900000,https://www.sec.gov/Archives/edgar/data/107832/000010783203000014/0000107832-03-000014-index.html,https://www.sec.gov/Archives/edgar/data/52485/000010783203000014/form10k123102.txt
0,2002-09-30,LNT,2002-11-14 00:00:00,2002-11-14 15:37:22,Q3,659400000,152100000,507300000,0.769336,0.0,0.0,0.0,26500000,374900000,527000000,-54100000,71600000,90000000,0.136488,132400000,0.200789,-3900000.0,74400000,0.11283,27800000,44700000,0.067789,0.24493,0.24493,182500000,182500000,https://www.sec.gov/Archives/edgar/data/107832/000010783202000073/0000107832-02-000073-index.html,https://www.sec.gov/Archives/edgar/data/52485/000010783202000073/september10q2002.txt
0,2002-06-30,LNT,2002-08-09 00:00:00,2002-08-09 17:06:18,Q2,544400000,130200000,414200000,0.760838,0.0,0.0,0.0,25200000,359900000.00000006,490100000.00000006,-48600000,70399999.99999999,31999999.99999999,0.05878,54400000,0.099927,-7400000.0,-1600000.0,-0.002939,3900000.0,6300000.0,0.011572,0.03479,0.03479,181100000,181100000,https://www.sec.gov/Archives/edgar/data/107832/000010783202000057/0000107832-02-000057-index.html,https://www.sec.gov/Archives/edgar/data/52485/000010783202000057/june10q2002.txt
0,2002-03-31,LNT,2002-05-15 00:00:00,2002-05-15 11:30:19,Q1,571400000,156100000,415300000,0.726811,0.0,0.0,0.0,27800000,372600000,528700000,-37900000,75700000,50400000,0.088204,42700000,0.074729,-9600000.0,-4900000.0,-0.008575,2900000.0,9700000.0,0.016976,0.05386,0.05386,180100000,180100000,https://www.sec.gov/Archives/edgar/data/107832/000010783202000044/0000107832-02-000044-index.html,https://www.sec.gov/Archives/edgar/data/52485/000010783202000044/march10q2002.txt
0,2001-12-31,LNT,,Not found...,Q4,646500000,142100000,504400000,0.780201,0.0,0.0,0.0,27000000,425400000,567500000,-41200000,38000000,50300000,0.077804,79000000,0.122196,28600000,66400000,0.102707,100000.0,53400000,0.082599,0.31486,0.31486,169600000,169600000,,
0,2001-09-30,LNT,2001-11-14 00:00:00,2001-11-14 00:00:00,Q3,666200000,131800000,534400000,0.802162,0.0,0.0,0.0,25600000,400700000,532500000,-21900000,85500000,166800000,0.250375,133700000,0.20069,-8500000.0,103300000,0.155059,33900000,69300000,0.104023,0.43667,0.43667,158700000,158700000,https://www.sec.gov/Archives/edgar/data/107832/000010783201500099/0000107832-01-500099-index.html,https://www.sec.gov/Archives/edgar/data/52485/000010783201500099/september10q2001.txt
0,2001-06-30,LNT,2001-08-10 00:00:00,2001-08-10 00:00:00,Q2,611800000,153200000,458600000,0.749591,0.0,0.0,0.0,29500000,390599999.99999994,543800000,-15200000,86200000.00000001,127800000.00000001,0.208892,68000000,0.111147,4000000.0,56800000,0.092841,19100000,37700000,0.061621,0.23801,0.23801,158400000,158400000,https://www.sec.gov/Archives/edgar/data/107832/000010783201500062/0000107832-01-500062-index.html,https://www.sec.gov/Archives/edgar/data/52485/000010783201500062/june10q2001main.txt
0,2001-03-31,LNT,2001-05-11 00:00:00,2001-05-11 00:00:00,Q1,852800000,337000000,515800000,0.604831,0.0,0.0,0.0,28400000,426400000,763400000,-56200000,84600000,49800000,0.058396,89300000,0.104714,1200000.0,34200000,0.040103,12200000,9200000.0,0.010788,0.05808,0.05808,158400000,158400000,https://www.sec.gov/Archives/edgar/data/107832/000010783201500034/0000107832-01-500034-index.html,https://www.sec.gov/Archives/edgar/data/52485/000010783201500034/main10q.txt
0,2000-12-31,LNT,,,Q4,703800000,214200000,489600000,0.695652,0.0,0.0,0.0,25600000,397200000,611400000,-58500000,63199999.99999999,90399999.99999999,0.128446,92500000,0.131429,38200000,85800000,0.12191,24900000,60800000,0.086388,0.38191,0.38191,159200000,159200000,,
0,2000-09-30,LNT,2000-11-13 00:00:00,2000-11-13 00:00:00,Q3,603200000,108200000,495000000,0.820623,0.0,0.0,0.0,26200000,355000000,463200000,286700000,79600000,817900000,1.355935,140000000,0.232095,8200000.0,434900000,0.720988,175400000,276200000,0.457891,1.74479,1.74479,158300000,158300000,https://www.sec.gov/Archives/edgar/data/107832/000010783200000118/0000107832-00-000118-index.html,https://www.sec.gov/Archives/edgar/data/52485/000010783200000118/0000107832-00-000118-0001.txt
0,2000-06-30,LNT,2000-08-11 00:00:00,2000-08-11 00:00:00,Q2,523900000,106700000,417200000,0.796335,0.0,0.0,0.0,26600000,357000000,463700000,500000.0,78000000,146800000,0.280206,60200000,0.114907,7700000.0,68300000,0.130368,26000000,42300000,0.080741,0.26772,0.26772,158000000,158000000,https://www.sec.gov/Archives/edgar/data/107832/000010783200000096/0000107832-00-000096-index.html,https://www.sec.gov/Archives/edgar/data/52485/000010783200000096/0000107832-00-000096-0001.txt
0,2000-03-31,LNT,2000-05-11 00:00:00,2000-05-11 00:00:00,Q1,574100000,144500000,429600000,0.748302,0.0,0.0,0.0,26400000,341200000,485700000,-78900000,75900000,28700000,0.049991,88400000,0.15398,12100000,31800000,0.055391,12400000,19300000,0.033618,0.12177,0.12177,158500000,158500000,https://www.sec.gov/Archives/edgar/data/107832/000010783200000057/0000107832-00-000057-index.html,https://www.sec.gov/Archives/edgar/data/107832/0000107832-00-000057.txt
0,1999-12-31,LNT,2000-03-29 00:00:00,2000-03-29 00:00:00,Q4,566700000,118200000,448500000,0.791424,0.0,0.0,0.0,24200000,356000000,474200000,-35600000,60400000.00000004,98500000.00000003,0.173813,92500000,0.163226,10400000,73700000,0.130051,28900000,44800000,0.079054,0.28408,0.28408,157700000,157700000,https://www.sec.gov/Archives/edgar/data/352541/000010783200000027/0000107832-00-000027-index.html,https://www.sec.gov/Archives/edgar/data/352541/0000107832-00-000027.txt
0,1999-09-30,LNT,1999-11-12 00:00:00,1999-11-12 00:00:00,Q3,598300000,89300000,509000000,0.850744,0.0,0.0,0.0,26800000,378200000,467500000,-32200000,74600000,156500000,0.261574,130800000,0.218619,15500000,114100000,0.190707,42600000,71500000,0.119505,0.45512,0.45512,157100000,157100000,https://www.sec.gov/Archives/edgar/data/52485/000010783299000013/0000107832-99-000013-index.html,https://www.sec.gov/Archives/edgar/data/52485/0000107832-99-000013.txt
0,1999-06-30,LNT,1999-08-16 00:00:00,1999-08-16 00:00:00,Q2,486200000,95100000,391100000,0.804401,0.0,0.0,0.0,26700000,330799999.99999994,425899999.99999994,-34600000,70500000,98600000,0.202797,60300000,0.124023,3200000.0,62700000,0.128959,24200000,38500000,0.079186,0.24616,0.24616,156400000,156400000,https://www.sec.gov/Archives/edgar/data/52485/000089706999000422/0000897069-99-000422-index.html,https://www.sec.gov/Archives/edgar/data/52485/0000897069-99-000422.txt
0,1999-03-31,LNT,1999-05-17 00:00:00,1999-05-17 00:00:00,Q1,546800000,133400000,413400000,0.756035,0.0,0.0,0.0,27200000,320500000,453900000,-33100000,73600000,107100000,0.195867,93000000,0.17008,6800000.0,66600000,0.1218,24900000,41700000,0.076262,0.26799,0.26799,155600000,155600000,https://www.sec.gov/Archives/edgar/data/52485/000089706999000316/0000897069-99-000316-index.html,https://www.sec.gov/Archives/edgar/data/52485/0000897069-99-000316.txt
0,1998-12-31,LNT,1999-03-31 00:00:00,1999-03-31 00:00:00,Q4,528300000,109500000,418800000,0.792731,0.0,0.0,0.0,25800000,364200000,473700000,-37700000,66699999.99999999,58399999.99999999,0.110543,54600000,0.10335,12500000,29400000,0.05565,4200000.0,25200000,0.0477,0.16311,0.16311,154500000,154500000,https://www.sec.gov/Archives/edgar/data/107832/000089706999000197/0000897069-99-000197-index.html,https://www.sec.gov/Archives/edgar/data/107832/0000897069-99-000197.txt
0,1998-09-30,LNT,1998-11-16 00:00:00,1998-11-16 00:00:00,Q3,555400000,81600000,473800000,0.853079,0.0,0.0,0.0,26200000,351500000,433100000,-31700000,70100000.00000001,127800000.00000001,0.230104,122200000,0.220022,-1100000.0,89400000,0.160965,37700000,51700000,0.093086,0.33571,0.33571,154000000,154000000,https://www.sec.gov/Archives/edgar/data/52485/000089706998000568/0000897069-98-000568-index.html,https://www.sec.gov/Archives/edgar/data/52485/0000897069-98-000568.txt
0,1998-06-30,LNT,1998-08-14 00:00:00,1998-08-14 00:00:00,Q2,491000000,97300000,393700000,0.801833,0.0,0.0,0.0,26600000,361099999.99999994,458399999.99999994,-32300000,72899999.99999999,29899999.99999999,0.060896,32600000,0.066395,-11000000,-10700000,-0.021792,-1600000.0,-9100000.0,-0.018534,-0.05924,-0.05924,153600000,153600000,https://www.sec.gov/Archives/edgar/data/52485/000089706998000422/0000897069-98-000422-index.html,https://www.sec.gov/Archives/edgar/data/52485/0000897069-98-000422.txt
0,1998-03-31,LNT,1998-05-15 00:00:00,1998-05-15 00:00:00,Q1,556300000,133400000,422900000,0.760201,0.0,0.0,0.0,27000000,349000000,482400000,-31100000,69800000,85400000,0.153514,73900000,0.132842,3900000.0,46700000,0.083948,17800000,28900000,0.05195,0.18864,0.18864,153200000,153200000,https://www.sec.gov/Archives/edgar/data/352541/000089706998000302/0000897069-98-000302-index.html,https://www.sec.gov/Archives/edgar/data/352541/0000897069-98-000302.txt
0,1997-12-31,LNT,,,Q4,586300000,146400000,439900000,0.750298,0.0,0.0,0.0,25300000,373100000,519500000,-40700000,80600000,78600000,0.134061,66800000,0.113935,12700000,38800000,0.066178,9600000.0,29100000,0.049633,0.19032,0.19032,152900000,152900000,,
0,1997-09-30,LNT,1997-11-14 00:00:00,1997-11-14 00:00:00,Q3,556900000,84600000,472300000,0.848088,0.0,0.0,0.0,25400000,352000000,436600000,-31600000,75600000,135000000,0.242413,120300000,0.216017,2200000.0,91000000,0.163405,36000000,55000000,0.098761,0.36018,0.36018,152700000,152700000,https://www.sec.gov/Archives/edgar/data/352541/000089706997000464/0000897069-97-000464-index.html,https://www.sec.gov/Archives/edgar/data/352541/0000897069-97-000464.txt
0,1997-06-30,LNT,1997-08-13 00:00:00,1997-08-13 00:00:00,Q2,493800000,99200000,394600000,0.799109,0.0,0.0,0.0,26300000,340800000,440000000,-28400000,111399999.99999999,109599999.99999999,0.221952,53900000,0.109154,1200000.0,26600000,0.053868,9000000.0,17600000,0.035642,0.11556,0.11556,152300000,152300000,https://www.sec.gov/Archives/edgar/data/352541/000089706997000335/0000897069-97-000335-index.html,https://www.sec.gov/Archives/edgar/data/352541/0000897069-97-000335.txt
0,1997-03-31,LNT,1997-05-15 00:00:00,1997-05-15 00:00:00,Q1,663700000,185300000,478400000,0.720808,0.0,0.0,0.0,26300000,382900000.00000006,568200000,-28500000,26200000,67700000,0.102004,95400000,0.14374,3100000.0,70000000,0.105469,27100000,42900000,0.064638,0.28242,0.28242,151900000,151900000,https://www.sec.gov/Archives/edgar/data/352541/000089706997000234/0000897069-97-000234-index.html,https://www.sec.gov/Archives/edgar/data/352541/0000897069-97-000234.txt
0,1996-12-31,LNT,,,Q4,251400000,63300000,188100000,0.74821,0.0,0.0,0.0,8200000.0,159399999.99999997,222699999.99999997,-14900000,186300000,189200000,0.752586,28700000,0.114161,4000000.0,17800000,0.070804,6700000.0,11100000,0.044153,0.1799,0.1799,61700000,61700000,,
0,1996-09-30,LNT,1996-11-14 00:00:00,1996-11-14 00:00:00,Q3,212200000,28600000,183600000,0.865221,0.0,0.0,0.0,8300000.0,155200000.00000003,183800000.00000003,-9800000.0,25599999.999999996,35700000,0.168238,28400000,0.133836,2500000.0,21200000,0.099906,7300000.0,12600000,0.059378,0.20455,0.20455,61600000,61600000,https://www.sec.gov/Archives/edgar/data/352541/000089706996000389/0000897069-96-000389-index.html,https://www.sec.gov/Archives/edgar/data/352541/0000897069-96-000389.txt
0,1996-06-30,LNT,1996-08-14 00:00:00,1996-08-14 00:00:00,Q2,208300000,32800000,175500000,0.842535,0.0,0.0,0.0,8900000.0,145100000.00000003,177900000.00000003,-10900000,23200000.000000004,39200000,0.18819,30400000,0.145943,7500000.0,27000000,0.129621,10400000,16500000,0.079213,0.26786,0.26786,61600000,61600000,https://www.sec.gov/Archives/edgar/data/352541/000089706996000254/0000897069-96-000254-index.html,https://www.sec.gov/Archives/edgar/data/352541/0000897069-96-000254.txt
0,1996-03-31,LNT,1996-05-15 00:00:00,1996-05-15 00:00:00,Q1,260800000,61300000,199500000,0.764954,0.0,0.0,0.0,9200000.0,145600000.00000003,206900000.00000003,-9700000.0,25300000,64800000,0.248466,54000000,0.207055,4900000.0,49100000,0.188267,17500000,31700000,0.121549,0.51545,0.51545,61500000,61500000,https://www.sec.gov/Archives/edgar/data/352541/000089706996000128/0000897069-96-000128-index.html,https://www.sec.gov/Archives/edgar/data/352541/0000897069-96-000128.txt
0,1995-12-31,LNT,,,Q4,219300000,42300000,177000000,0.807114,0.0,0.0,0.0,7300000.0,139000000,181300000,-14200000,22599999.99999999,26399999.99999999,0.120383,37900000,0.172823,5600000.0,29400000,0.134063,6900000.0,11100000,0.050616,0.18049,0.18049,61500000,61500000,,
0,1995-09-30,LNT,1995-10-30 00:00:00,1995-10-30 00:00:00,Q3,196100000,23000000,173100000,0.882713,0.0,0.0,0.0,8200000.0,131200000,154200000,-10600000,24600000.000000004,46900000.00000001,0.239164,41900000,0.213666,2100000.0,33500000,0.170831,12200000,20700000,0.105558,0.33659,0.33659,61500000,61500000,https://www.sec.gov/Archives/edgar/data/107832/000089706995000161/0000897069-95-000161-index.html,https://www.sec.gov/Archives/edgar/data/107832/0000897069-95-000161.txt
0,1995-06-30,LNT,1995-08-11 00:00:00,1995-08-11 00:00:00,Q2,175900000,22600000,153300000,0.871518,0.0,0.0,0.0,9300000.0,132000000,154600000,-11000000,23099999.999999996,21999999.999999996,0.125071,21400000,0.12166,500000.0,10900000,0.061967,3000000.0,6900000.0,0.039227,0.1122,0.1122,61500000,61500000,https://www.sec.gov/Archives/edgar/data/107832/000089706995000098/0000897069-95-000098-index.html,https://www.sec.gov/Archives/edgar/data/107832/0000897069-95-000098.txt
0,1995-03-31,LNT,1995-05-12 00:00:00,1995-05-12 00:00:00,Q1,215900000,41000000,174900000,0.810097,0.0,0.0,0.0,9300000.0,130200000,171200000,-11100000,23800000,46400000,0.214914,44700000,0.20704,400000.0,34000000,0.15748,14000000,19700000,0.091246,0.32033,0.32033,61500000,61500000,https://www.sec.gov/Archives/edgar/data/107832/000089706995000057/0000897069-95-000057-index.html,https://www.sec.gov/Archives/edgar/data/107832/0000897069-95-000057.txt
0,1994-12-31,LNT,1995-03-14 00:00:00,1995-03-14 00:00:00,Q4,197400000,21600000,175800000,0.890578,0.0,0.0,0.0,7900000.0,147400000,169000000,-9200000.0,24800000.000000004,33300000.000000004,0.168693,28400000,0.14387,-1600000.0,17700000,0.089666,4400000.0,13300000,0.067376,0.21591,0.21591,61600000,61600000,https://www.sec.gov/Archives/edgar/data/352541/000089706995000018/0000897069-95-000018-index.html,https://www.sec.gov/Archives/edgar/data/352541/0000897069-95-000018.txt
0,1994-09-30,LNT,1994-11-14 00:00:00,1994-11-14 00:00:00,Q3,198800000,27900000,170900000,0.859658,0.0,0.0,0.0,8200000.0,137400000,165300000,-10900000,18600000,32300000,0.162475,33500000,0.168511,2000000.0,24600000,0.123742,9300000.0,15300000,0.076962,0.24878,0.24878,61500000,61500000,https://www.sec.gov/Archives/edgar/data/352541/000089706994000112/0000897069-94-000112-index.html,https://www.sec.gov/Archives/edgar/data/352541/0000897069-94-000112.txt
0,1994-06-30,LNT,1994-08-15 00:00:00,1994-08-15 00:00:00,Q2,183800000,23800000,160000000,0.870511,0.0,0.0,0.0,8700000.0,139100000,162900000,-9800000.0,20400000,26600000,0.144723,20900000,0.113711,4900000.0,16000000,0.087051,5700000.0,10300000,0.056039,0.16748,0.16748,61500000,61500000,https://www.sec.gov/Archives/edgar/data/352541/000089706994000086/0000897069-94-000086-index.html,https://www.sec.gov/Archives/edgar/data/352541/0000897069-94-000086.txt
0,1994-03-31,LNT,1994-05-16 00:00:00,1994-05-16 00:00:00,Q1,236100000,53200000,182900000,0.774672,0.0,0.0,0.0,9000000.0,135700000,188900000,-10100000,23300000,55600000,0.235493,47200000,0.199915,5300000.0,42400000,0.179585,16000000,26400000,0.111817,0.43279,0.43279,61000000,61000000,https://www.sec.gov/Archives/edgar/data/107832/000089706994000069/0000897069-94-000069-index.html,https://www.sec.gov/Archives/edgar/data/107832/0000897069-94-000069.txt
