,date,symbol,fillingDate,acceptedDate,period,revenue,costOfRevenue,grossProfit,grossProfitRatio,researchAndDevelopmentExpenses,generalAndAdministrativeExpenses,sellingAndMarketingExpenses,otherExpenses,operatingExpenses,costAndExpenses,interestExpense,depreciationAndAmortization,ebitda,ebitdaratio,operatingIncome,operatingIncomeRatio,totalOtherIncomeExpensesNet,incomeBeforeTax,incomeBeforeTaxRatio,incomeTaxExpense,netIncome,netIncomeRatio,eps,epsdiluted,weightedAverageShsOut,weightedAverageShsOutDil,link,finalLink
0,2019-12-31,ALTUR.PA,2019-12-31,2019-12-31,FY,0.0,96803.0,345435.0,0.0,0.0,1031769.0,37524.0,703455.0,40600.0,1855364.0,3003.0,782995.0,71585.0,0.0,-1855364.0,0.0,0.0,609186.0,0.0,0.0,609185.0,0.0,0.15,0.15,4166466.0,4166466.0,https://www.infogreffe.com/recherche-entreprise-dirigeants/resultats-entreprise-dirigeants.html?ga_cat=globale&ga_q=A.L.T.U.R#phrase=A.L.T.U.R,https://www.infogreffe.com/recherche-entreprise-dirigeants/resultats-entreprise-dirigeants.html?ga_cat=globale&ga_q=A.L.T.U.R#phrase=A.L.T.U.R
0,2018-12-31,ALTUR.PA,2018-12-31,2018-12-31,FY,0.0,110275.0,392751.0,0.0,0.0,1093320.0,39182.0,-704614.0,48078.0,2128052.0,0.0,986654.0,-4962381.0,0.0,-2128052.0,0.0,0.0,1486004.0,0.0,0.0,1486005.0,0.0,0.356658,0.356658,4166466.0,4166466.0,https://www.infogreffe.com/recherche-entreprise-dirigeants/resultats-entreprise-dirigeants.html?ga_cat=globale&ga_q=A.L.T.U.R#phrase=A.L.T.U.R,https://www.infogreffe.com/recherche-entreprise-dirigeants/resultats-entreprise-dirigeants.html?ga_cat=globale&ga_q=A.L.T.U.R#phrase=A.L.T.U.R
0,2017-12-31,ALTUR.PA,2017-12-31,2017-12-31,FY,0.0,0.0,0.0,0.0,0.0,861771.0,0.0,5688323.0,48076.0,2334545.0,132659.0,1424698.0,5280884.0,0.0,-2334545.0,0.0,0.0,5595926.0,0.0,0.0,5595926.0,0.0,1.34,1.34,4176064.0,4176064.0,https://www.infogreffe.com/recherche-entreprise-dirigeants/resultats-entreprise-dirigeants.html?ga_cat=globale&ga_q=A.L.T.U.R#phrase=A.L.T.U.R,https://www.infogreffe.com/recherche-entreprise-dirigeants/resultats-entreprise-dirigeants.html?ga_cat=globale&ga_q=A.L.T.U.R#phrase=A.L.T.U.R
0,2016-12-31,ALTUR.PA,2016-12-31,2016-12-31,FY,0.0,0.0,0.0,0.0,0.0,904556.0,0.0,0.0,48439.0,952995.0,239.0,0.0,-372791.0,0.0,-952995.0,0.0,0.0,-95279.0,0.0,0.0,-95279.0,0.0,-0.022868,-0.022868,4166466.0,4166466.0,https://www.infogreffe.com/recherche-entreprise-dirigeants/resultats-entreprise-dirigeants.html?ga_cat=globale&ga_q=A.L.T.U.R#phrase=A.L.T.U.R,https://www.infogreffe.com/recherche-entreprise-dirigeants/resultats-entreprise-dirigeants.html?ga_cat=globale&ga_q=A.L.T.U.R#phrase=A.L.T.U.R
0,2015-12-31,ALTUR.PA,,,FY,0.0,0.0,0.0,0.0,0.0,1067871.0,0.0,0.0,48000.0,1115841.0,63.0,0.0,-253302.0,0.0,-1115841.0,0.0,0.0,461885.0,0.0,0.0,461884.0,0.0,0.110857,0.110857,4166466.0,4166466.0,https://www.infogreffe.com/recherche-entreprise-dirigeants/resultats-entreprise-dirigeants.html?ga_cat=globale&ga_q=A.L.T.U.R#phrase=A.L.T.U.R,https://www.infogreffe.com/recherche-entreprise-dirigeants/resultats-entreprise-dirigeants.html?ga_cat=globale&ga_q=A.L.T.U.R#phrase=A.L.T.U.R
0,2014-12-31,ALTUR.PA,2014-12-31,2014-12-31,FY,0.0,0.0,0.0,0.0,0.0,943430.0,0.0,7909569.0,48965.0,992395.0,0.0,0.0,142605.0,0.0,-992395.0,0.0,0.0,5923906.0,0.0,0.0,5923907.0,0.0,1.421806,1.421806,4166466.0,4166466.0,https://www.infogreffe.com/recherche-entreprise-dirigeants/resultats-entreprise-dirigeants.html?ga_cat=globale&ga_q=A.L.T.U.R#phrase=A.L.T.U.R,https://www.infogreffe.com/recherche-entreprise-dirigeants/resultats-entreprise-dirigeants.html?ga_cat=globale&ga_q=A.L.T.U.R#phrase=A.L.T.U.R
0,2013-12-31,ALTUR.PA,2013-12-31,2013-12-31,FY,0.0,0.0,0.0,0.0,0.0,852751.0,0.0,-102406.0,49990.0,902741.0,0.0,0.0,1476259.0,0.0,-902741.0,0.0,0.0,-2968824.0,0.0,0.0,-2968825.0,0.0,-0.712552,-0.712552,4166466.0,4166466.0,https://www.infogreffe.com/recherche-entreprise-dirigeants/resultats-entreprise-dirigeants.html?ga_cat=globale&ga_q=A.L.T.U.R#phrase=A.L.T.U.R,https://www.infogreffe.com/recherche-entreprise-dirigeants/resultats-entreprise-dirigeants.html?ga_cat=globale&ga_q=A.L.T.U.R#phrase=A.L.T.U.R
0,2012-12-31,ALTUR.PA,2012-12-31,2012-12-31,FY,0.0,0.0,0.0,0.0,0.0,1022708.0,0.0,4584614.0,51013.0,1073711.0,0.0,0.0,-1073711.0,0.0,-1073711.0,0.0,0.0,7481.0,0.0,0.0,7481.0,0.0,0.001796,0.001796,4166466.0,4166466.0,https://www.infogreffe.com/recherche-entreprise-dirigeants/resultats-entreprise-dirigeants.html?ga_cat=globale&ga_q=A.L.T.U.R#phrase=A.L.T.U.R,https://www.infogreffe.com/recherche-entreprise-dirigeants/resultats-entreprise-dirigeants.html?ga_cat=globale&ga_q=A.L.T.U.R#phrase=A.L.T.U.R
0,2011-12-31,ALTUR.PA,2011-12-31,2011-12-31,FY,0.0,1054326.0,-1054326.0,0.0,0.0,113.0,0.0,4218439.0,65000.0,1316532.0,1373546.0,197093.0,-1119439.0,0.0,-1316532.0,0.0,0.0,0.0,0.0,0.0,2664435.0,0.0,0.568902,0.568902,4683466.0,4683466.0,https://www.infogreffe.com/recherche-entreprise-dirigeants/resultats-entreprise-dirigeants.html?ga_cat=globale&ga_q=A.L.T.U.R#phrase=A.L.T.U.R,https://www.infogreffe.com/recherche-entreprise-dirigeants/resultats-entreprise-dirigeants.html?ga_cat=globale&ga_q=A.L.T.U.R#phrase=A.L.T.U.R
0,2010-12-31,ALTUR.PA,2010-12-31,2010-12-31,FY,0.0,0.0,0.0,0.0,0.0,0.0,0.0,-598648.0,1066848.0,1362441.0,0.0,295640.0,-1047929.0,0.0,-1362441.0,0.0,0.0,-1783977.0,0.0,0.0,-1783977.0,0.0,-0.42817510091286,-0.42817510091286,4166466.0,4166466.0,https://www.infogreffe.com/recherche-entreprise-dirigeants/resultats-entreprise-dirigeants.html?ga_cat=globale&ga_q=A.L.T.U.R#phrase=A.L.T.U.R,https://www.infogreffe.com/recherche-entreprise-dirigeants/resultats-entreprise-dirigeants.html?ga_cat=globale&ga_q=A.L.T.U.R#phrase=A.L.T.U.R
0,2009-12-31,ALTUR.PA,2009-12-31,2009-12-31,FY,0.0,0.0,0.0,0.0,0.0,0.0,0.0,-712712.0,901935.0,1197575.0,0.0,295640.0,-1040420.0,0.0,-1197575.0,0.0,0.0,-1418134.0,0.0,0.0,-1418134.0,0.0,-0.34036855214947154,-0.34036855214947154,4166466.0,4166466.0,https://www.infogreffe.com/recherche-entreprise-dirigeants/resultats-entreprise-dirigeants.html?ga_cat=globale&ga_q=A.L.T.U.R#phrase=A.L.T.U.R,https://www.infogreffe.com/recherche-entreprise-dirigeants/resultats-entreprise-dirigeants.html?ga_cat=globale&ga_q=A.L.T.U.R#phrase=A.L.T.U.R
