,date,symbol,fillingDate,acceptedDate,period,revenue,costOfRevenue,grossProfit,grossProfitRatio,researchAndDevelopmentExpenses,generalAndAdministrativeExpenses,sellingAndMarketingExpenses,otherExpenses,operatingExpenses,costAndExpenses,interestExpense,depreciationAndAmortization,ebitda,ebitdaratio,operatingIncome,operatingIncomeRatio,totalOtherIncomeExpensesNet,incomeBeforeTax,incomeBeforeTaxRatio,incomeTaxExpense,netIncome,netIncomeRatio,eps,epsdiluted,weightedAverageShsOut,weightedAverageShsOutDil,link,finalLink
0,2019-12-31,LBS.TO,2019-12-31,2019-12-31,FY,101840317,0.0,0.0,0.0,0.0,1694518.0,0.0,0.0,0.0,0.0,624.0,0.0,0.0,0.0,0.0,0.9833610297972658,0.0,100145799,0.9833610297972658,0.0,100145799,0.9833610297972658,3.17,3.17,26944098,26944098,https://www.sedar.com/ModifyCompanyDocumentSearchForm.do?lang=EN&company_search=Life & Banc Split Corp&document_selection=0&industry_group=A&FromDate=13&FromMonth=05&FromYear=2000&ToDate=13&ToMonth=11&ToYear=2020&Variable=Issuer,https://www.sedar.com/ModifyCompanyDocumentSearchForm.do?lang=EN&company_search=Life & Banc Split Corp&document_selection=0&industry_group=A&FromDate=13&FromMonth=05&FromYear=2000&ToDate=13&ToMonth=11&ToYear=2020&Variable=Issuer
0,2018-12-31,LBS.TO,2018-12-31,2018-12-31,FY,-59104085,0.0,0.0,0.0,0.0,3586435.0,0.0,0.0,0.0,0.0,42.0,0.0,0.0,0.0,0.0,1.0606799851482347,0.0,-62690520,1.0606799851482347,0.0,-62690520,1.0606799851482347,-3.16,-3.16,23549280,23549280,https://www.sedar.com/ModifyCompanyDocumentSearchForm.do?lang=EN&company_search=Life & Banc Split Corp&document_selection=0&industry_group=A&FromDate=13&FromMonth=05&FromYear=2000&ToDate=13&ToMonth=11&ToYear=2020&Variable=Issuer,https://www.sedar.com/ModifyCompanyDocumentSearchForm.do?lang=EN&company_search=Life & Banc Split Corp&document_selection=0&industry_group=A&FromDate=13&FromMonth=05&FromYear=2000&ToDate=13&ToMonth=11&ToYear=2020&Variable=Issuer
0,2017-12-31,LBS.TO,2017-12-31,2017-12-31,FY,43083682,0.0,0.0,0.0,0.0,2479701.0,0.0,0.0,0.0,0.0,9.0,0.0,0.0,0.0,0.0,0.9424445431567339,0.0,40603981,0.9424445431567339,0.0,40603981,0.9424445431567339,1.63,1.63,19348820,19348820,https://www.sedar.com/ModifyCompanyDocumentSearchForm.do?lang=EN&company_search=Life & Banc Split Corp&document_selection=0&industry_group=A&FromDate=13&FromMonth=05&FromYear=2000&ToDate=13&ToMonth=11&ToYear=2020&Variable=Issuer,https://www.sedar.com/ModifyCompanyDocumentSearchForm.do?lang=EN&company_search=Life & Banc Split Corp&document_selection=0&industry_group=A&FromDate=13&FromMonth=05&FromYear=2000&ToDate=13&ToMonth=11&ToYear=2020&Variable=Issuer
0,2016-12-31,LBS.TO,2016-12-31,2016-12-31,FY,73357724,0.0,0.0,0.0,0.0,916063.0,0.0,0.0,0.0,0.0,364.0,0.0,0.0,0.0,0.0,0.9875123851988646,0.0,72441661,0.9875123851988646,0.0,72441661,0.9875123851988646,3.48,3.48,18349455,18349455,https://www.sedar.com/ModifyCompanyDocumentSearchForm.do?lang=EN&company_search=Life & Banc Split Corp&document_selection=0&industry_group=A&FromDate=13&FromMonth=05&FromYear=2000&ToDate=13&ToMonth=11&ToYear=2020&Variable=Issuer,https://www.sedar.com/ModifyCompanyDocumentSearchForm.do?lang=EN&company_search=Life & Banc Split Corp&document_selection=0&industry_group=A&FromDate=13&FromMonth=05&FromYear=2000&ToDate=13&ToMonth=11&ToYear=2020&Variable=Issuer
0,2015-12-31,LBS.TO,2015-12-31,2015-12-31,FY,-6537882.0,0.0,0.0,0.0,0.0,2083663.0,0.0,0.0,0.0,0.0,0.0,0.0,0.0,0.0,0.0,1.3187061191988476,0.0,-8621545.0,1.3187061191988476,0.0,-8621545.0,1.3187061191988476,-0.98,-0.98,17042363,17042363,https://www.sedar.com/ModifyCompanyDocumentSearchForm.do?lang=EN&company_search=Life & Banc Split Corp&document_selection=0&industry_group=A&FromDate=13&FromMonth=05&FromYear=2000&ToDate=13&ToMonth=11&ToYear=2020&Variable=Issuer,https://www.sedar.com/ModifyCompanyDocumentSearchForm.do?lang=EN&company_search=Life & Banc Split Corp&document_selection=0&industry_group=A&FromDate=13&FromMonth=05&FromYear=2000&ToDate=13&ToMonth=11&ToYear=2020&Variable=Issuer
0,2014-12-31,LBS.TO,2014-12-31,2014-12-31,FY,30743859,0.0,0.0,0.0,0.0,847185.0,0.0,0.0,0.0,0.0,0.0,0.0,0.0,0.0,0.0,0.9724437651109445,0.0,29896674,0.9724437651109445,0.0,29896674,0.9724437651109445,1.5,1.5,15169232,15169232,https://www.sedar.com/ModifyCompanyDocumentSearchForm.do?lang=EN&company_search=Life & Banc Split Corp&document_selection=0&industry_group=A&FromDate=13&FromMonth=05&FromYear=2000&ToDate=13&ToMonth=11&ToYear=2020&Variable=Issuer,https://www.sedar.com/ModifyCompanyDocumentSearchForm.do?lang=EN&company_search=Life & Banc Split Corp&document_selection=0&industry_group=A&FromDate=13&FromMonth=05&FromYear=2000&ToDate=13&ToMonth=11&ToYear=2020&Variable=Issuer
0,2013-12-31,LBS.TO,2013-12-31,2013-12-31,FY,65975637,0.0,0.0,0.0,0.0,1927138.0,0.0,0.0,0.0,0.0,0.0,0.0,0.0,0.0,0.0,0.9707901569787041,0.0,64048499,0.9707901569787041,0.0,64048499,0.9707901569787041,4.15,4.15,13757911,13757911,https://www.sedar.com/ModifyCompanyDocumentSearchForm.do?lang=EN&company_search=Life & Banc Split Corp&document_selection=0&industry_group=A&FromDate=13&FromMonth=05&FromYear=2000&ToDate=13&ToMonth=11&ToYear=2020&Variable=Issuer,https://www.sedar.com/ModifyCompanyDocumentSearchForm.do?lang=EN&company_search=Life & Banc Split Corp&document_selection=0&industry_group=A&FromDate=13&FromMonth=05&FromYear=2000&ToDate=13&ToMonth=11&ToYear=2020&Variable=Issuer
0,2012-12-31,LBS.TO,2012-12-31,2012-12-31,FY,37712976,0.0,0.0,0.0,0.0,661809.0,0.0,0.0,0.0,0.0,0.0,0.0,0.0,0.0,0.0,0.9824514246767478,0.0,37051167,0.9824514246767478,0.0,37051167,0.9824514246767478,2.19,2.19,13645989,13645989,https://www.sedar.com/ModifyCompanyDocumentSearchForm.do?lang=EN&company_search=Life & Banc Split Corp&document_selection=0&industry_group=A&FromDate=13&FromMonth=05&FromYear=2000&ToDate=13&ToMonth=11&ToYear=2020&Variable=Issuer,https://www.sedar.com/ModifyCompanyDocumentSearchForm.do?lang=EN&company_search=Life & Banc Split Corp&document_selection=0&industry_group=A&FromDate=13&FromMonth=05&FromYear=2000&ToDate=13&ToMonth=11&ToYear=2020&Variable=Issuer
0,2011-12-31,LBS.TO,2011-12-31,2011-12-31,FY,9231926.0,0.0,0.0,0.0,0.0,2204104.0,0.0,0.0,0.0,0.0,0.0,0.0,0.0,0.0,0.0,0.0,0.0,0.0,0.0,0.0,-28385671,-3.074729043538694,-2.19,-2.19,12935320,12935320,https://www.sedar.com/ModifyCompanyDocumentSearchForm.do?lang=EN&company_search=Life & Banc Split Corp&document_selection=0&industry_group=A&FromDate=13&FromMonth=05&FromYear=2000&ToDate=13&ToMonth=11&ToYear=2020&Variable=Issuer,https://www.sedar.com/ModifyCompanyDocumentSearchForm.do?lang=EN&company_search=Life & Banc Split Corp&document_selection=0&industry_group=A&FromDate=13&FromMonth=05&FromYear=2000&ToDate=13&ToMonth=11&ToYear=2020&Variable=Issuer
0,2010-12-31,LBS.TO,2010-12-31,2010-12-31,FY,7593991.0,0.0,0.0,0.0,0.0,1863174.0,0.0,0.0,0.0,0.0,0.0,0.0,0.0,0.0,0.0,0.0,0.0,0.0,0.0,0.0,14550831,1.9160980043300024,1.44,1.44,10157213,10157213,https://www.sedar.com/ModifyCompanyDocumentSearchForm.do?lang=EN&company_search=Life & Banc Split Corp&document_selection=0&industry_group=A&FromDate=13&FromMonth=05&FromYear=2000&ToDate=13&ToMonth=11&ToYear=2020&Variable=Issuer,https://www.sedar.com/ModifyCompanyDocumentSearchForm.do?lang=EN&company_search=Life & Banc Split Corp&document_selection=0&industry_group=A&FromDate=13&FromMonth=05&FromYear=2000&ToDate=13&ToMonth=11&ToYear=2020&Variable=Issuer
0,2009-12-31,LBS.TO,2009-12-31,2009-12-31,FY,8998118.0,0.0,0.0,0.0,0.0,1599712.0,0.0,0.0,0.0,0.0,0.0,0.0,0.0,0.0,0.0,0.0,0.0,0.0,0.0,0.0,68070168,7.564933911735765,5.77,5.77,10827632,10827632,https://www.sedar.com/ModifyCompanyDocumentSearchForm.do?lang=EN&company_search=Life & Banc Split Corp&document_selection=0&industry_group=A&FromDate=13&FromMonth=05&FromYear=2000&ToDate=13&ToMonth=11&ToYear=2020&Variable=Issuer,https://www.sedar.com/ModifyCompanyDocumentSearchForm.do?lang=EN&company_search=Life & Banc Split Corp&document_selection=0&industry_group=A&FromDate=13&FromMonth=05&FromYear=2000&ToDate=13&ToMonth=11&ToYear=2020&Variable=Issuer
0,2008-12-31,LBS.TO,2008-12-31,2008-12-31,FY,9442008.0,0.0,0.0,0.0,0.0,2073350.0,30903.0,0.0,0.0,0.0,0.0,0.0,0.0,0.0,0.0,0.0,0.0,0.0,0.0,0.0,-96466814,-10.216768933048987,-8.5,-8.5,11352802,11352802,https://www.sedar.com/ModifyCompanyDocumentSearchForm.do?lang=EN&company_search=Life & Banc Split Corp&document_selection=0&industry_group=A&FromDate=13&FromMonth=05&FromYear=2000&ToDate=13&ToMonth=11&ToYear=2020&Variable=Issuer,https://www.sedar.com/ModifyCompanyDocumentSearchForm.do?lang=EN&company_search=Life & Banc Split Corp&document_selection=0&industry_group=A&FromDate=13&FromMonth=05&FromYear=2000&ToDate=13&ToMonth=11&ToYear=2020&Variable=Issuer
0,2007-12-31,LBS.TO,2007-12-31,2007-12-31,FY,9335834.0,0.0,0.0,0.0,0.0,2939081.0,34813.0,0.0,0.0,0.0,90450.0,0.0,0.0,0.0,0.0,0.0,0.0,0.0,0.0,0.0,-13230736,-1.417199148999436,-1.11,-1.11,11937901,11937901,https://www.sedar.com/ModifyCompanyDocumentSearchForm.do?lang=EN&company_search=Life & Banc Split Corp&document_selection=0&industry_group=A&FromDate=13&FromMonth=05&FromYear=2000&ToDate=13&ToMonth=11&ToYear=2020&Variable=Issuer,https://www.sedar.com/ModifyCompanyDocumentSearchForm.do?lang=EN&company_search=Life & Banc Split Corp&document_selection=0&industry_group=A&FromDate=13&FromMonth=05&FromYear=2000&ToDate=13&ToMonth=11&ToYear=2020&Variable=Issuer
0,2006-12-31,LBS.TO,2006-12-31,2006-12-31,FY,1971823.0,0.0,0.0,0.0,0.0,675095.0,13300.0,0.0,0.0,0.0,66427.0,0.0,0.0,0.0,0.0,0.0,0.0,0.0,0.0,0.0,26793363,13.588117696162383,2.25,2.25,11931579,11931579,https://www.sedar.com/ModifyCompanyDocumentSearchForm.do?lang=EN&company_search=Life & Banc Split Corp&document_selection=0&industry_group=A&FromDate=13&FromMonth=05&FromYear=2000&ToDate=13&ToMonth=11&ToYear=2020&Variable=Issuer,https://www.sedar.com/ModifyCompanyDocumentSearchForm.do?lang=EN&company_search=Life & Banc Split Corp&document_selection=0&industry_group=A&FromDate=13&FromMonth=05&FromYear=2000&ToDate=13&ToMonth=11&ToYear=2020&Variable=Issuer
