,date,symbol,fillingDate,acceptedDate,period,revenue,costOfRevenue,grossProfit,grossProfitRatio,researchAndDevelopmentExpenses,generalAndAdministrativeExpenses,sellingAndMarketingExpenses,otherExpenses,operatingExpenses,costAndExpenses,interestExpense,depreciationAndAmortization,ebitda,ebitdaratio,operatingIncome,operatingIncomeRatio,totalOtherIncomeExpensesNet,incomeBeforeTax,incomeBeforeTaxRatio,incomeTaxExpense,netIncome,netIncomeRatio,eps,epsdiluted,weightedAverageShsOut,weightedAverageShsOutDil,link,finalLink
0,2019-12-31,VOYA,2020-02-21,2020-02-21 16:25:51,FY,4707000000,0.0,4707000000,1.0,0.0,0.0,0.0,2753000000,6766000000,6766000000,176000000,0.0,-380000000,-0.080731,774000000,0.164436,0.0,560000000,0.118972,-205000000,-351000000,-0.07457,-2.48936,-2.48936,-940625000,-940625000,https://www.sec.gov/Archives/edgar/data/1535929/000153592920000012/0001535929-20-000012-index.htm,https://www.sec.gov/Archives/edgar/data/1535929/000153592920000012/voyafinancialinc2019q4.htm
0,2018-12-31,VOYA,2019-02-22,2019-02-22 16:33:47,FY,4557000000,0.0,4557000000,1.0,0.0,0.0,0.0,2614000000,6401000000,6401000000,221000000,370000000,1125000000,0.246873,790000000,0.17336,0.0,528000000,0.115866,29000000,875000000,0.192012,5.20214,5.20214,25300000000,25300000000,https://www.sec.gov/Archives/edgar/data/1535929/000153592919000018/0001535929-19-000018-index.htm,https://www.sec.gov/Archives/edgar/data/1535929/000153592919000018/q42018voyafinancialinc.htm
0,2017-12-31,VOYA,2018-02-23,2018-02-23 16:13:32,FY,4365000000,0.0,4365000000,1.0,0.0,0.0,0.0,2569000000,6600000000,6600000000,184000000,534000000,-2800000000,-0.641466,649000000,0.148683,0.0,385000000,0.088202,8000000.0,-2992000000,-0.685452,-16.25204,-16.25204,-69800000000,-69800000000,https://www.sec.gov/Archives/edgar/data/1535929/000153592918000006/0001535929-18-000006-index.htm,https://www.sec.gov/Archives/edgar/data/1535929/000153592918000006/voyafinancialinc201710-kre.htm
0,2016-12-31,VOYA,2017-02-23,2017-02-23 16:41:24,FY,5608000000,0.0,5608000000,1.0,0.0,0.0,0.0,2659000000,8422000000,8422000000,288000000,591000000,-68000000,-0.012126,400000000,0.071327,0.0,10000000,0.001783,-29000000,-327000000,-0.05831,-1.62849,-1.62849,186854460,186854460,https://www.sec.gov/Archives/edgar/data/1535929/000153592917000007/0001535929-17-000007-index.htm,https://www.sec.gov/Archives/edgar/data/1535929/000153592917000007/voyafinancialinc201610-kre.htm
0,2015-12-31,VOYA,2016-02-25,2016-02-25 16:59:32,FY,5409000000,0.0,5409000000,1.0,0.0,0.0,0.0,2696000000,7854000000,7854000000,196500000,821800000,1510300000,0.27922,945000000,0.174709,0.0,476000000,0.088001,84000000,408000000,0.07543,1.7942,1.7942,297237569,298888888,https://www.sec.gov/Archives/edgar/data/1535929/000153592916000059/0001535929-16-000059-index.htm,https://www.sec.gov/Archives/edgar/data/1535929/000153592916000059/voyafinancialinc201510-kre.htm
0,2014-12-31,VOYA,2015-02-27,2015-02-27 16:12:42,FY,6691700000,0.0,6691700000,1.0,0.0,0.0,0.0,3469800000,9818600000,9818600000,189700000,417000000,1170200000,0.174873,1200400000,0.179386,0.0,801200000,0.11973,-1731500000,2295000000,0.342962,8.99647,8.99647,279097909,281263858,https://www.sec.gov/Archives/edgar/data/1535929/000119312515069733/0001193125-15-069733-index.htm,https://www.sec.gov/Archives/edgar/data/1535929/000119312515069733/d877740d10k.htm
0,2013-12-31,VOYA,2014-03-10,2014-03-10 16:40:17,FY,6056000000,0.0,6056000000,1.0,0.0,0.0,0.0,2694000000,7671000000,7671000000,184800000,580900000,1331700000,0.219898,1122000000,0.185271,0.0,756000000,0.124835,-33000000,599000000,0.09891,2.37698,2.37698,329166666,331932773,https://www.sec.gov/Archives/edgar/data/1535929/000119312514091656/0001193125-14-091656-index.htm,https://www.sec.gov/Archives/edgar/data/1535929/000119312514091656/d684112d10k.htm
0,2012-12-31,VOYA,,,FY,5755000000,0.0,0.0,0.0,0.0,0.0,0.0,3165000000,8804000000,8804000000,-260000000,875400000,1083400000,0.188254,866000000,0.150478,0.0,606000000,0.1053,-5000000.0,473000000,0.082189,2.05652,2.05652,230000000,230000000,,
