,date,symbol,fillingDate,acceptedDate,period,revenue,costOfRevenue,grossProfit,grossProfitRatio,researchAndDevelopmentExpenses,generalAndAdministrativeExpenses,sellingAndMarketingExpenses,otherExpenses,operatingExpenses,costAndExpenses,interestExpense,depreciationAndAmortization,ebitda,ebitdaratio,operatingIncome,operatingIncomeRatio,totalOtherIncomeExpensesNet,incomeBeforeTax,incomeBeforeTaxRatio,incomeTaxExpense,netIncome,netIncomeRatio,eps,epsdiluted,weightedAverageShsOut,weightedAverageShsOutDil,link,finalLink
0,2019-12-31,BCOR,2020-02-28 00:00:00,2020-02-28 16:32:27,FY,717945000,362772000,355173000,0.4947078118797401,30931000,235665000,126205000,-333000.0,0.0,641273000,19245000,42836000,120996000,0.16853101560704511,76672000,-0.023547764800924863,-74782000,-16906000,-0.023547764800924863,-65054000,48148000,0.0670636330080995,1.0,0.98,48264000,49282000,https://www.sec.gov/Archives/edgar/data/1068875/000106887520000056/0001068875-20-000056-index.html,https://www.sec.gov/Archives/edgar/data/1068875/000106887520000056/bcor10-k2019.htm
0,2018-12-31,BCOR,2019-03-01 00:00:00,2019-03-01 16:45:06,FY,560456000,297206000,263250000,0.4697068101688625,19332000,190817000,111361000,1994000.0,0.0,492491000,15773000,4468000.0,108898000,0.1943024965385329,67965000,0.09256748076566225,-661000.0,51880000,0.09256748076566225,311000.0,50634000,0.09034429107726566,0.94,0.9,47394000,49381000,https://www.sec.gov/Archives/edgar/data/1068875/000106887519000011/0001068875-19-000011-index.html,https://www.sec.gov/Archives/edgar/data/1068875/000106887519000011/bcor10-k2018.htm
0,2017-12-31,BCOR,2018-03-01 00:00:00,2018-03-01 16:11:29,FY,509557000,279879000,229678000,0.45074054521868995,19614000,175080000,102798000,-85000.0,0.0,458419000,23158000,3460000.0,88213000,0.17311704088060806,51138000,0.006841236603559562,-23515000,3486000.0,0.006841236603559562,-25890000,27039000,0.053063739679761045,0.61,0.57,44370000,47211000,https://www.sec.gov/Archives/edgar/data/1068875/000106887518000018/0001068875-18-000018-index.html,https://www.sec.gov/Archives/edgar/data/1068875/000106887518000018/bcor10-k2017.htm
0,2016-12-31,BCOR,2017-02-28 00:00:00,2017-02-28 16:07:35,FY,455911000,256507000,199404000,0.4373748385101478,17780000,154536000,89360000,-44000.0,0.0,414924000,37114000,3881000.0,77872000,0.17080526681742708,40987000,-0.005843245721204358,-4778000.0,-2664000.0,-0.005843245721204358,-1285000.0,-65158000,-0.14291824500834593,-1.57,-1.57,41494000,41494000,https://www.sec.gov/Archives/edgar/data/1068875/000106887517000015/0001068875-17-000015-index.html,https://www.sec.gov/Archives/edgar/data/1068875/000106887517000015/bcor10-k2016.htm
0,2015-12-31,BCOR,2016-02-24 00:00:00,2016-02-24 16:12:32,FY,117708000,13713000,103995000,0.8834998470792129,5107000.0,94524000,45854000,162000.0,0.0,122515000,12910000,14278000,17421000,0.1480018350494444,-4807000.0,-0.14739015190131513,892000.0,-17349000,-0.14739015190131513,-4623000.0,-40074000,-0.3404526455296157,-0.98,-0.98,40959000,40959000,https://www.sec.gov/Archives/edgar/data/1068875/000106887516000198/0001068875-16-000198-index.html,https://www.sec.gov/Archives/edgar/data/1068875/000106887516000198/bcor10-k2015.htm
0,2014-12-31,BCOR,2015-02-26,2015-02-26 16:17:09,FY,580720000,320497000,260223000,0.44810407769665245,20670000,177914000,118124000,238000.0,0.0,526344000,14893000,27933000,90498000,0.15583758093401295,54376000,-0.03996246039399366,-61899000,-23207000,-0.03996246039399366,12340000,-35547000,-0.061211943793911004,-0.86,-0.86,41396000,41396000,https://www.sec.gov/Archives/edgar/data/1068875/000106887515000053/bcor10-k2014.htm,https://www.sec.gov/Archives/edgar/data/1068875/000106887515000053/bcor10-k2014.htm
0,2013-12-31,BCOR,2014-02-27,2014-02-27 16:02:24,FY,573980000,340460000,233520000,0.4068434440224398,11682000,140211000,98682000,142000.0,0.0,499531000,12301000,18860000,102048000,0.1777901669047702,74449000,0.07809679779783267,-16514000,44826000,0.07809679779783267,20427000,24399000,0.04250844977176905,0.59,0.56,41201000,43480000,https://www.sec.gov/Archives/edgar/data/1068875/000119312514072914/d634729d10k.htm,https://www.sec.gov/Archives/edgar/data/1068875/000119312514072914/d634729d10k.htm
0,2012-12-31,BCOR,2013-03-08 00:00:00,2013-03-07 20:09:38,FY,406919000,267451000,139468000,0.3427414301126268,9969000.0,81525000,44138000,252000.0,0.0,362714000,3847000.0,13738000,66779000,0.16410882755536113,44205000,0.09222474251632388,-2141000.0,37528000,0.09222474251632388,15002000,22526000,0.05535745443196312,0.56,0.54,40279000,41672000,https://www.sec.gov/Archives/edgar/data/1068875/000119312513096577/0001193125-13-096577-index.html,https://www.sec.gov/Archives/edgar/data/1068875/000119312513096577/d443968d10k.htm
0,2011-12-31,BCOR,2012-03-09 00:00:00,2012-03-09 17:25:50,FY,228813000,154962000,73851000,0.3227570111838051,7158000.0,43052000,21510000,0.0,1549000.0,208883000,0.0,2162000.0,27452000,0.1199757006813424,19930000,0.08842591985595225,-66000.0,20233000,0.08842591985595225,-11288000,21594000,0.09437400846979849,0.59,0.58,37954000,38621000,https://www.sec.gov/Archives/edgar/data/1068875/000119312512107334/0001193125-12-107334-index.html,https://www.sec.gov/Archives/edgar/data/1068875/000119312512107334/d304720d10k.htm
0,2010-12-31,BCOR,2011-03-11,2011-03-11 17:13:36,FY,246835000,158550000,88285000,0.3576680778657808,9749000.0,69276000,35822000,0.0,0.0,241035000,0.0,3460000.0,-6395000.0,-0.025907995219478598,5800000.0,0.08553487147284623,19286000,21113000,0.08553487147284623,7410000.0,13703000,0.05551481759069824,0.38,0.37,35886000,36829000,https://www.sec.gov/Archives/edgar/data/1068875/000119312511064197/d10k.htm,https://www.sec.gov/Archives/edgar/data/1068875/000119312511064197/d10k.htm
0,2009-12-31,BCOR,2010-02-26 00:00:00,2010-02-25 21:36:19,FY,207646000,136196000,71450000,0.3440952390125502,5617000.0,48965000,25379000,0.0,0.0,198030000,0.0,7252000.0,22290000,0.10734615643932462,9616000.0,0.03652369898770022,-5422000.0,7584000.0,0.03652369898770022,181000.0,7403000.0,0.03565202315479229,0.28,0.28,34983000,35431000,https://www.sec.gov/Archives/edgar/data/1068875/000119312510041281/0001193125-10-041281-index.html,https://www.sec.gov/Archives/edgar/data/1068875/000119312510041281/d10k.htm
0,2008-12-31,BCOR,2009-03-02 00:00:00,2009-03-02 17:27:38,FY,156727000,87506000,69221000,0.44166608178552513,9931000.0,48340000,24261000,0.0,-1897000.0,151215000,0.0,7335000.0,41550000,0.26511067014617773,5512000.0,-0.10129716002986085,-28703000,-15876000,-0.10129716002986085,598000.0,-18699000,-0.11930937234809573,-0.54,-0.54,34415000,34415000,https://www.sec.gov/Archives/edgar/data/1068875/000119312509042774/0001193125-09-042774-index.html,https://www.sec.gov/Archives/edgar/data/1068875/000119312509042774/d10k.htm
0,2007-12-31,BCOR,2008-02-25,2008-02-25 06:57:33,FY,140537000,71565000,68972000,0.4907746714388382,9921000.0,134342000,0.0,0.0,-3248000.0,218122000,0.0,5542000.0,-63616000,-0.4526637113358048,-77585000,-0.5056746621886051,-8427000.0,-71066000,-0.5056746621886051,19671000,14579000,0.1037378057024129,0.45,0.45,32640000,32640000,https://www.sec.gov/Archives/edgar/data/1068875/000119312508036854/d10k.htm,https://www.sec.gov/Archives/edgar/data/1068875/000119312508036854/d10k.htm
0,2006-12-31,BCOR,2007-02-23,2007-02-22 21:35:20,FY,371737000,209549000,162188000,0.43629770509795907,46340000,98243000,0.0,0.0,0.0,382428000,0.0,28296000,80168000,0.215657844120978,-10691000,-0.14425790276458894,-62563000,-53626000,-0.14425790276458894,-38538000,-15088000,-0.040587834947826015,-0.48,-0.48,31254000,31254000,https://www.sec.gov/Archives/edgar/data/1068875/000119312507037427/d10k.htm,https://www.sec.gov/Archives/edgar/data/1068875/000119312507037427/d10k.htm
0,2005-12-31,BCOR,2006-02-23,2006-02-23 17:28:20,FY,339968000,166726000,173242000,0.5095832548945783,31203000,71296000,0.0,0.0,0.0,293551000,0.0,24326000,-7483000.0,-0.02201089514307229,46417000,0.39972291509789154,78226000,135893000,0.39972291509789154,-23475000,159368000,0.46877353162650603,4.94,4.47,32284000,35616000,https://www.sec.gov/Archives/edgar/data/1068875/000119312506037824/d10k.htm,https://www.sec.gov/Archives/edgar/data/1068875/000119312506037824/d10k.htm
0,2004-12-31,BCOR,2005-03-03 00:00:00,2005-03-03 17:00:34,FY,249354000,106908000,142446000,0.57126013619192,23142000,59834000,0.0,0.0,-3203000.0,203575000,0.0,16894000,54701000,0.21937085428747885,45779000,0.20442022185326886,8397000.0,50973000,0.20442022185326886,-29000.0,82401000,0.3304579032219255,2.57,2.26,32109000,36541000,https://www.sec.gov/Archives/edgar/data/1068875/000119312505041749/0001193125-05-041749-index.html,https://www.sec.gov/Archives/edgar/data/1068875/000119312505041749/d10k.htm
0,2003-12-31,BCOR,2004-03-10 00:00:00,2004-03-10 06:19:34,FY,160054000,29256000,130798000,0.8172116910542692,23674000,86284000,0.0,0.0,4180000.0,150213000,0.0,6819000.0,48270000,0.30158571482124785,9841000.0,-0.03400727254551589,-19464000,-5443000.0,-0.03400727254551589,876000.0,-6319000.0,-0.0394804253564422,-0.2,-0.2,31232000,31232000,https://www.sec.gov/Archives/edgar/data/1068875/000119312504037728/0001193125-04-037728-index.html,https://www.sec.gov/Archives/edgar/data/1068875/000119312504037728/d10k.htm
0,2002-12-31,BCOR,2003-03-27 00:00:00,2003-03-27 16:49:05,FY,136142000,36781000,99361000,0.7298335561399127,35195000,89602000,0.0,0.0,80532000,258985000,0.0,16875000,8986000.0,0.06600461283072087,-122843000,-1.0151239147360844,-95890000,-138201000,-1.0151239147360844,430000.0,-345250000,-2.535955105698462,-11.26,-11.26,30656000,30656000,https://www.sec.gov/Archives/edgar/data/1068875/000103221003000461/0001032210-03-000461-index.html,https://www.sec.gov/Archives/edgar/data/1068875/000103221003000461/d10k.htm
0,2001-12-31,BCOR,2002-03-27 00:00:00,2002-03-27 00:00:00,FY,161921000,41841000,120080000,0.7415962104977118,39341000,118333000,0.0,0.0,0.0,436229000,0.0,236714000,205678000,1.270236720375986,-274308000,-3.0770807986610755,-223919000,-498244000,-3.0770807986610755,664000.0,-502079000,-3.100765187962031,-15.8,-15.8,31839500,31839500,https://www.sec.gov/Archives/edgar/data/1068875/000103221002000470/0001032210-02-000470-index.html,https://www.sec.gov/Archives/edgar/data/1068875/000103221002000470/d10k.htm
0,2000-12-31,BCOR,2001-04-02 00:00:00,2001-04-02 00:00:00,FY,214529824,23436142,191093682,0.890755786011366,40624372,125092489,0.0,0.0,0.0,372679436,0.0,183526433,144276399,0.6725237373056345,-158149612,-1.3062042040364514,-118899578,-280219758,-1.3062042040364514,137101.0,-282412396,-1.3164248715367426,-9.3,-9.3,30447997,30447997,https://www.sec.gov/Archives/edgar/data/1068875/000103221001500167/0001032210-01-500167-index.html,https://www.sec.gov/Archives/edgar/data/1068875/000103221001500167/d10k.txt
0,1999-12-31,BCOR,2000-03-30 00:00:00,2000-03-30 00:00:00,FY,36900000,2900000.0,34000000,0.9214092140921409,3200000.0,33400000,0.0,0.0,0.0,45100000,0.0,5600000.0,10900000,0.2953929539295393,-8200000.0,0.0,-13500000,0.0,0.0,0.0,-21700000,-0.5880758807588076,-0.575,-0.579806,37426312,37426312,https://www.sec.gov/Archives/edgar/data/1068875/000103221000000650/0001032210-00-000650-index.html,https://www.sec.gov/Archives/edgar/data/1068875/0001032210-00-000650.txt
0,1998-12-31,BCOR,1999-03-30 00:00:00,1999-03-30 00:00:00,FY,9400000.0,-600000.0,10000000,1.0638297872340425,600000.0,9000000.0,0.0,0.0,0.0,11500000,0.0,2500000.0,7400000.0,0.7872340425531915,-2100000.0,0.0,-7000000.0,0.0,0.0,0.0,-9100000.0,-0.9680851063829787,-0.8375,-0.838848,10848214,10848214,https://www.sec.gov/Archives/edgar/data/1068875/000103221099000428/0001032210-99-000428-index.html,https://www.sec.gov/Archives/edgar/data/1068875/0001032210-99-000428.txt
