,date,symbol,fillingDate,acceptedDate,period,revenue,costOfRevenue,grossProfit,grossProfitRatio,researchAndDevelopmentExpenses,generalAndAdministrativeExpenses,sellingAndMarketingExpenses,otherExpenses,operatingExpenses,costAndExpenses,interestExpense,depreciationAndAmortization,ebitda,ebitdaratio,operatingIncome,operatingIncomeRatio,totalOtherIncomeExpensesNet,incomeBeforeTax,incomeBeforeTaxRatio,incomeTaxExpense,netIncome,netIncomeRatio,eps,epsdiluted,weightedAverageShsOut,weightedAverageShsOutDil,link,finalLink
0,2019-10-31,RY,2019-12-04,,FY,45926000000,0.0,0.0,0.0,0.0,19775000000,0.0,0.0,0.0,0.0,21584000000,1197000000,0.0,0.0,0.0,0.34651395723555284,0.0,15914000000,0.34651395723555284,3043000000,12860000000,0.28001567739406874,8.78,8.75,1434779000,1440682000,https://www.sec.gov/Archives/edgar/data/1000275/000119312519305684/d804468dex2.htm,https://www.sec.gov/Archives/edgar/data/1000275/000119312519305684/d804468dex2.htm
0,2018-10-31,RY,2018-11-28,,FY,42555000000,0.0,0.0,0.0,0.0,17501000000,0.0,0.0,0.0,0.0,14830000000,1077000000,0.0,0.0,0.0,0.3703442603689343,0.0,15760000000,0.3703442603689343,3329000000,12400000000,0.2913876160263189,8.39,8.36,1443894000,1450485000,https://www.sec.gov/Archives/edgar/data/1000275/000119312518335763/d559745dex2.htm,https://www.sec.gov/Archives/edgar/data/1000275/000119312518335763/d559745dex2.htm
0,2017-10-31,RY,2017-11-29,,FY,40334000000,0.0,0.0,0.0,0.0,17394000000,0.0,0.0,0.0,0.0,9764000000,1015000000,0.0,0.0,0.0,0.36376258243665394,0.0,14672000000,0.36376258243665394,3203000000,11428000000,0.2833341597659543,7.59,7.56,1466988000,1474421000,https://www.sec.gov/Archives/edgar/data/1000275/000119312517354638/d478336dex2.htm,https://www.sec.gov/Archives/edgar/data/1000275/000119312517354638/d478336dex2.htm
0,2016-10-31,RY,2016-11-30,,FY,38229000000,0.0,0.0,0.0,0.0,16570000000,0.0,0.0,0.0,0.0,7921000000,970000000,0.0,0.0,0.0,0.3478772659499333,0.0,13299000000,0.3478772659499333,2841000000,10405000000,0.2721755735174867,6.8,6.78,1485876000,1494137000,https://www.sec.gov/Archives/edgar/data/1000275/000119312516780138/d22162dex2.htm,https://www.sec.gov/Archives/edgar/data/1000275/000119312516780138/d22162dex2.htm
0,2015-10-31,RY,2015-12-02,,FY,35172000000,0.0,0.0,0.0,0.0,15434000000,0.0,0.0,0.0,0.0,7958000000,712000000,0.0,0.0,0.0,0.3588934379620152,0.0,12623000000,0.3588934379620152,2597000000,9925000000,0.28218469236892985,6.75,6.73,1442935000,1449509000,https://www.sec.gov/Archives/edgar/data/1000275/000119312515392515/d61856dex2.htm,https://www.sec.gov/Archives/edgar/data/1000275/000119312515392515/d61856dex2.htm
0,2014-10-31,RY,2014-12-03,,FY,33946000000,0.0,0.0,0.0,0.0,15629000000,0.0,0.0,0.0,0.0,7903000000,666000000,0.0,0.0,0.0,0.3449596417840099,0.0,11710000000,0.3449596417840099,2706000000,8910000000,0.26247569669475046,6.03,6.0,1442553000,1452003000,https://www.sec.gov/Archives/edgar/data/1000275/000119312514431513/d805757dex2.htm,https://www.sec.gov/Archives/edgar/data/1000275/000119312514431513/d805757dex2.htm
0,2013-10-31,RY,2013-12-05,,FY,30861000000,0.0,0.0,0.0,0.0,13966000000,0.0,0.0,0.0,0.0,7899000000,566000000,0.0,0.0,0.0,0.34402644113930203,0.0,10617000000,0.34402644113930203,2188000000,8331000000,0.26995236706522796,5.6,5.54,1443735000,1466529000,https://www.sec.gov/Archives/edgar/data/1000275/000119312513462793/d622744dex2.htm,https://www.sec.gov/Archives/edgar/data/1000275/000119312513462793/d622744dex2.htm
0,2012-10-31,RY,2012-11-29,,FY,29420000000,0.0,0.0,0.0,0.0,14454000000,0.0,0.0,0.0,0.0,8354000000,0.0,0.0,0.0,0.0,0.3293677770224337,0.0,9690000000,0.3293677770224337,2100000000,7442000000,0.2529571719918423,4.98,4.93,1442167000,1468287000,https://www.sec.gov/Archives/edgar/data/1000275/000119312512484654/d420499dex2.htm,https://www.sec.gov/Archives/edgar/data/1000275/000119312512484654/d420499dex2.htm
