,date,symbol,fillingDate,acceptedDate,period,revenue,costOfRevenue,grossProfit,grossProfitRatio,researchAndDevelopmentExpenses,generalAndAdministrativeExpenses,sellingAndMarketingExpenses,otherExpenses,operatingExpenses,costAndExpenses,interestExpense,depreciationAndAmortization,ebitda,ebitdaratio,operatingIncome,operatingIncomeRatio,totalOtherIncomeExpensesNet,incomeBeforeTax,incomeBeforeTaxRatio,incomeTaxExpense,netIncome,netIncomeRatio,eps,epsdiluted,weightedAverageShsOut,weightedAverageShsOutDil,link,finalLink
0,2019-12-31,ADS,2020-02-28 00:00:00,2020-02-28 08:25:18,FY,5581300000,2607600000,2973700000,0.532797,0.0,111300000,0.0,1187500000,1666299999.9999998,4273899999.9999995,569000000,249300000,1292300000,0.231541,1307400000,0.234247,0.0,738400000,0.132299,196000000,278000000,0.049809,5.46169,5.46169,50900000,50900000,https://www.sec.gov/Archives/edgar/data/1101215/000110121520000049/0001101215-20-000049-index.html,https://www.sec.gov/Archives/edgar/data/1101215/000110121520000049/ads-20191231x10k.htm
0,2018-12-31,ADS,2019-02-26 00:00:00,2019-02-26 08:27:12,FY,5666600000,2537200000,3129400000,0.552254,0.0,151900000,0.0,1016000000,1372100000.0000005,3909300000.0000005,670600000,487300000,2381600000,0.420287,1757300000,0.310115,0.0,1215000000,0.214414,260600000,963100000,0.169961,17.47913,17.47913,55100000,55100000,https://www.sec.gov/Archives/edgar/data/1101215/000110121519000048/0001101215-19-000048-index.html,https://www.sec.gov/Archives/edgar/data/1101215/000110121519000048/ads-20181231x10k.htm
0,2017-12-31,ADS,2018-02-27 00:00:00,2018-02-27 08:43:37,FY,5474700000,2469500000,3005200000,0.548925,0.0,159300000,0.0,1140100000,1487300000.0000002,3956800000,564400000,497600000,2143100000,0.391455,1517900000,0.277257,0.0,1062500000,0.194075,292400000,788700000,0.144063,14.10912,14.10912,55900000,55900000,https://www.sec.gov/Archives/edgar/data/1101215/000110121518000066/0001101215-18-000066-index.html,https://www.sec.gov/Archives/edgar/data/1101215/000110121518000066/ads-20171231x10k.htm
0,2016-12-31,ADS,2017-02-27 00:00:00,2017-02-27 08:32:29,FY,7138100000,4276800000,2861300000,0.400849,0.0,143100000,0.0,940500000,1595800000.0000002,5872600000,428500000,512100000,1692300000,0.23708,1265500000,0.177288,0.0,837000000,0.117258,319400000,432300000,0.060562,7.33956,7.33956,58900000,58900000,https://www.sec.gov/Archives/edgar/data/1101215/000110121517000063/0001101215-17-000063-index.html,https://www.sec.gov/Archives/edgar/data/1101215/000110121517000063/ads-20161231x10k.htm
0,2015-12-31,ADS,2016-02-25 00:00:00,2016-02-25 08:32:30,FY,6439746000,3814179000,2625567000,0.407713,0.0,153515000,0.0,668200000,1363707000.0000002,5177886000,330184000,492140000,1700088000,0.263999,1261860000,0.195949,0.0,931676000,0.144676,326248000,551516000,0.085643,8.85244,8.85244,62301000,62301000,https://www.sec.gov/Archives/edgar/data/1101215/000110121516000312/0001101215-16-000312-index.html,https://www.sec.gov/Archives/edgar/data/1101215/000110121516000312/form_10k.htm
0,2014-12-31,ADS,2015-02-27,2015-02-27 08:31:42,FY,5302940000,3218517000,2084423000,0.393069,0.0,264402000,0.0,425205000,985956000.0000001,4204473000,260526000,313082000,1386927000,0.261539,1098467000,0.207143,0.0,837941000,0.158014,321801000,491518000,0.092688,7.87121,7.87121,62445000,62445000,https://www.sec.gov/Archives/edgar/data/1101215/000110121515000063/form_10k.htm,https://www.sec.gov/Archives/edgar/data/1101215/000110121515000063/form_10k.htm
0,2013-12-31,ADS,2014-02-28,2014-02-28 08:32:06,FY,4319100000,2549200000,1769900000,0.409784,0.0,109100000,1289356000,345800000,671000000,3220200000,305500000,216100000,1315042000,0.304471,1098900000,0.254428,345800000,793400000,0.183696,297242000,496200000,0.114885,7.41704,7.41704,66900000,66900000,https://www.sec.gov/Archives/edgar/data/1101215/000110121514000058/form10k.htm,https://www.sec.gov/Archives/edgar/data/1101215/000110121514000058/form10k.htm
0,2012-12-31,ADS,2013-02-28 00:00:00,2013-02-28 08:32:30,FY,3641400000,2106600000,1534800000,0.421486,0.0,108100000,0.0,285500000,560400000.0000001,2667000000,291460000,166900000,1141308000,0.313426,974400000,0.267589,285500000,682900000,0.187538,260648000,422300000,0.115972,6.58814,6.58814,64100000,64100000,https://www.sec.gov/Archives/edgar/data/1101215/000110121513000051/0001101215-13-000051-index.html,https://www.sec.gov/Archives/edgar/data/1101215/000110121513000051/form10k.htm
0,2011-12-31,ADS,2012-02-27 00:00:00,2012-02-27 14:15:21,FY,3173300000,1811900000,1361400000,0.429017,0.0,95300000,0.0,300300000,548699999.9999998,2360600000,298585000,153200000,965894000,0.304382,812700000,0.256106,300300000,514100000,0.162008,198809000,315300000,0.09936,5.45502,5.45502,57800000,57800000,https://www.sec.gov/Archives/edgar/data/1101215/000110121512000046/0001101215-12-000046-index.html,https://www.sec.gov/Archives/edgar/data/1101215/000110121512000046/form10k.htm
0,2010-12-31,ADS,2011-02-28,2011-02-28 08:49:56,FY,2791400000,1545400000,1246000000,0.446371,0.0,85800000,0.0,387800000,616799999.9999996,2162199999.9999995,318330000,143200000,770482000,0.27602,629200000,0.225407,387800000,310900000,0.111378,115252000,193700000,0.069392,3.47756,3.47756,55700000,55700000,https://www.sec.gov/Archives/edgar/data/1101215/000114036111012449/form10k.htm,https://www.sec.gov/Archives/edgar/data/1101215/000114036111012449/form10k.htm
0,2009-12-31,ADS,2010-03-01 00:00:00,2010-03-01 09:06:58,FY,1964300000,1354100000,610200000,0.310645,0.0,99800000,0.0,0.0,202500000,1556600000,-144811000,125400000,210516000,0.107171,407800000,0.207606,0.0,262900000,0.133839,86227000,143700000,0.073156,2.49047,2.49047,57700000,57700000,https://www.sec.gov/Archives/edgar/data/1101215/000119312510043956/0001193125-10-043956-index.html,https://www.sec.gov/Archives/edgar/data/1101215/000119312510043956/d10k.htm
0,2008-12-31,ADS,2009-03-02 00:00:00,2009-03-02 14:14:33,FY,2025300000,1342000000,683200000,0.337333,0.0,82800000,525918000,956044000,222799999.99999994,1564800000,-79249000,143800000,435405000,0.214983,460500000,0.227374,0.0,396900000,0.195971,153454000,217400000,0.107342,2.9538,2.9538,73600000,73600000,https://www.sec.gov/Archives/edgar/data/1101215/000119312509042284/0001193125-09-042284-index.html,https://www.sec.gov/Archives/edgar/data/1101215/000119312509042284/d10k.htm
0,2007-12-31,ADS,2008-02-28,2008-02-28 12:44:03,FY,2291200000,1631000000,660200000,0.288146,0.0,80900000,452136000,1413880000,315900000.0000001,1946900000,-80214000,166600000,361177000,0.157637,344300000,0.150271,0.0,274800000,0.119937,110691000,164100000,0.071622,2.03094,2.03094,80800000,80800000,https://www.sec.gov/Archives/edgar/data/1101215/000119312508041317/d10k.htm,https://www.sec.gov/Archives/edgar/data/1101215/000119312508041317/d10k.htm
0,2006-12-31,ADS,2007-02-26,2007-02-26 09:44:52,FY,1998700000,1434600000,564100000,0.282233,0.0,91800000,319704000,1239956000,216900000.0000001,1651500000,-47593000,125000000,383671000,0.19196,347300000,0.173763,0.0,306300000,0.15325,116664000,189600000,0.094862,2.37892,2.37892,79700000,79700000,https://www.sec.gov/Archives/edgar/data/1101215/000095013407004084/d43460e10vk.htm,https://www.sec.gov/Archives/edgar/data/1101215/000095013407004084/d43460e10vk.htm
0,2005-12-31,ADS,2006-03-03,2006-03-03 09:02:05,FY,1552400000,1124600000,427800000,0.275573,0.0,91500000,185309000,1038988000,191200000.00000006,1315800000,-14482000,99700000,307299000,0.197951,236600000,0.152409,0.0,222100000,0.143069,83381000,138700000,0.089346,1.63948,1.63948,84600000,84600000,https://www.sec.gov/Archives/edgar/data/1101215/000095013406004179/d32216e10vk.htm,https://www.sec.gov/Archives/edgar/data/1101215/000095013406004179/d32216e10vk.htm
0,2004-12-31,ADS,2005-03-04 00:00:00,2005-03-04 16:54:34,FY,1257400000,916200000,341200000,0.271354,0.0,77700000,644849000,362750000,169099999.9999999,1085300000,-6972000.0,91400000,248776000,0.19785,172100000,0.13687,0.0,164300000,0.130666,61948000,102400000,0.081438,1.21905,1.21905,84000000,84000000,https://www.sec.gov/Archives/edgar/data/1101215/000095013405004246/0000950134-05-004246-index.html,https://www.sec.gov/Archives/edgar/data/1101215/000095013405004246/d22322e10vk.htm
0,2003-12-31,ADS,2004-03-05 00:00:00,2004-03-05 12:33:33,FY,1049100000,787200000,262000000,0.249738,0.0,54000000,484849000,192848000,128599999.9999999,915799999.9999999,-30097000,74600000,121503000,0.115816,133400000,0.127157,-4300000.0,109000000,0.103899,9700000.0,67300000,0.06415,0.83811,0.83811,80300000,80300000,https://www.sec.gov/Archives/edgar/data/1101215/000104746904006682/0001047469-04-006682-index.html,https://www.sec.gov/Archives/edgar/data/1101215/000104746904006682/a2129722z10-k.htm
0,2002-12-31,ADS,2003-03-12 00:00:00,2003-03-12 17:26:00,FY,871500000,668200000,203200000,0.233161,0.0,56100000,415792000,208337000,122599999.99999991,790799999.9999999,-38870000,66500000,55671000,0.06388,80600000,0.092484,0.0,47400000,0.054389,1841000.0,26200000,0.030063,0.34159,0.34159,76700000,76700000,https://www.sec.gov/Archives/edgar/data/1101215/000104746903008494/0001047469-03-008494-index.html,https://www.sec.gov/Archives/edgar/data/1101215/000104746903008494/a2105293z10-k.htm
0,2001-12-31,ADS,2002-04-01,2002-04-01 00:00:00,FY,777400000,603500000,173900000,0.223694,0.0,45400000,368026000,176630000,119600000.00000001,723100000,-42785000,74200000,16677000,0.021452,54200000,0.06972,-5000000.0,4000000.0,0.005145,-6538000.0,-8200000.0,-0.010548,-0.12693,-0.12693,64600000,64600000,https://www.sec.gov/Archives/edgar/data/1101215/000091205702013045/a2074422z10-k405.htm,https://www.sec.gov/Archives/edgar/data/1101215/000091205702013045/a2074422z10-k405.htm
