,date,symbol,fillingDate,acceptedDate,period,revenue,costOfRevenue,grossProfit,grossProfitRatio,researchAndDevelopmentExpenses,generalAndAdministrativeExpenses,sellingAndMarketingExpenses,otherExpenses,operatingExpenses,costAndExpenses,interestExpense,depreciationAndAmortization,ebitda,ebitdaratio,operatingIncome,operatingIncomeRatio,totalOtherIncomeExpensesNet,incomeBeforeTax,incomeBeforeTaxRatio,incomeTaxExpense,netIncome,netIncomeRatio,eps,epsdiluted,weightedAverageShsOut,weightedAverageShsOutDil,link,finalLink
0,2019-09-30,EZPW,2019-12-05 00:00:00,2019-12-05 16:07:08,FY,847229000,352781000,494448000,0.583606,0.0,63665000,0.0,350578000,467164000.00000006,819945000,32637000,28797000,66381000,0.078351,27284000,0.032204,-1424000.0,4174000.0,0.004927,2406000.0,2541000.0,0.002999,0.04539,0.04539,55984000,55984000,https://www.sec.gov/Archives/edgar/data/876523/000087652319000069/0000876523-19-000069-index.html,https://www.sec.gov/Archives/edgar/data/876523/000087652319000069/a2019-q410xk.htm
0,2018-09-30,EZPW,2018-11-14 00:00:00,2018-11-14 16:19:15,FY,812156000,330605000,481551000,0.592929,0.0,53639000,0.0,334841000,426139000,756744000,27834000,25484000,108749000,0.133902,55412000,0.068228,5391000.0,55539000,0.068385,18149000,37282000,0.045905,0.64395,0.64395,57896000,57896000,https://www.sec.gov/Archives/edgar/data/876523/000087652318000057/0000876523-18-000057-index.html,https://www.sec.gov/Archives/edgar/data/876523/000087652318000057/a2018-q410xk.htm
0,2017-09-30,EZPW,2017-11-15 00:00:00,2017-11-15 17:15:58,FY,747951000,312444000,435507000,0.582267,0.0,53492000,0.0,304956000,382468000,694912000,27803000,23661000,94080000,0.125784,53039000,0.070912,423000.0,42678000,0.05706,11206000,31410000,0.041995,0.57773,0.57773,54368000,54368000,https://www.sec.gov/Archives/edgar/data/876523/000087652317000109/0000876523-17-000109-index.html,https://www.sec.gov/Archives/edgar/data/876523/000087652317000109/a2017-q410xk.htm
0,2016-09-30,EZPW,2016-12-14 00:00:00,2016-12-14 16:09:21,FY,730505000,302275000,428230000,0.586211,0.0,68101000,0.0,301387000,410014000,712289000,16477000,28651000,-26255000,-0.035941,18216000,0.024936,-1202000.0,363000.0,0.000497,9361000.0,-80744000,-0.110532,-1.48353,-1.48353,54427000,54427000,https://www.sec.gov/Archives/edgar/data/876523/000087652316000217/0000876523-16-000217-index.html,https://www.sec.gov/Archives/edgar/data/876523/000087652316000217/a2016-q410xk.htm
0,2015-09-30,EZPW,2015-12-24 00:00:00,2015-12-23 18:13:12,FY,720000000,316980000,403020000,0.55975,0.0,72986000,0.0,294939000,445460000.00000006,762440000,42202000,37034000,-36651000,-0.050904,-42440000,-0.058944,-2187000.0,-66207000,-0.091954,-26695000,-89192000,-0.123878,-1.64049,-1.64049,54369000,54369000,https://www.sec.gov/Archives/edgar/data/876523/000087652315000120/0000876523-15-000120-index.html,https://www.sec.gov/Archives/edgar/data/876523/000087652315000120/a201510-k.htm
0,2014-09-30,EZPW,2014-11-26 00:00:00,2014-11-26 16:15:10,FY,957600000,387400000,570200000,0.595447,0.0,62100000,0.0,417100000,523400000,910800000,-21100000,38600000,-41944000,-0.043801,46800000,0.048872,-500000.0,25200000,0.026316,5256000.0,-64700000,-0.067565,-1.19593,-1.19593,54100000,54100000,https://www.sec.gov/Archives/edgar/data/876523/000087652314000102/0000876523-14-000102-index.html,https://www.sec.gov/Archives/edgar/data/876523/000087652314000102/a2014-10k9302014.htm
0,2013-09-30,EZPW,2013-11-27 00:00:00,2013-11-26 18:33:27,FY,1010300000,369600000,640700000,0.634168,0.0,52500000,0.0,414200000,546300000,915900000,-3300000.0,34900000,95275000,0.094304,94400000,0.093438,200000.0,91300000,0.090369,29575000,34100000,0.033752,0.63501,0.63501,53700000,53700000,https://www.sec.gov/Archives/edgar/data/876523/000087652313000083/0000876523-13-000083-index.html,https://www.sec.gov/Archives/edgar/data/876523/000087652313000083/ezpw_2013930-10k.htm
0,2012-09-30,EZPW,2012-11-20 00:00:00,2012-11-20 16:35:08,FY,992500000,368200000,624200000,0.628917,0.0,94000000,0.0,303500000,422800000,791000000,19000000,25300000,259023000,0.26098,201400000,0.202922,1200000.0,221600000,0.223275,71023000,143700000,0.144786,2.81213,2.81213,51100000,51100000,https://www.sec.gov/Archives/edgar/data/876523/000087652312000023/0000876523-12-000023-index.html,https://www.sec.gov/Archives/edgar/data/876523/000087652312000023/ezpw_2012930-10k.htm
0,2011-09-30,EZPW,2011-11-23 00:00:00,2011-11-23 15:13:33,FY,869300000,334400000,534900000,0.615323,0.0,75300000,0.0,267100000,361000000,695400000,14600000,18300000,221652000,0.254978,174000000,0.200161,200000.0,188700000,0.217071,66552000,122200000,0.140573,2.4246,2.4246,50400000,50400000,https://www.sec.gov/Archives/edgar/data/876523/000095012311100270/0000950123-11-100270-index.html,https://www.sec.gov/Archives/edgar/data/876523/000095012311100270/d84374e10vk.htm
0,2010-09-30,EZPW,2010-11-24 00:00:00,2010-11-24 13:03:43,FY,733000000,285600000,447500000,0.610505,0.0,52700000,0.0,236700000,305600000,591200000,-1385000.0,14700000,164851000,0.224899,141900000,0.193588,100000.0,151500000,0.206685,54236000,97300000,0.132742,1.96169,1.96169,49600000,49600000,https://www.sec.gov/Archives/edgar/data/876523/000095012310108591/0000950123-10-108591-index.html,https://www.sec.gov/Archives/edgar/data/876523/000095012310108591/d77971e10vk.htm
0,2009-09-30,EZPW,2009-12-14 00:00:00,2009-12-14 17:01:39,FY,597500000,237500000,359900000,0.602343,0.0,40500000,0.0,206200000,258500000,496000000,-1425000.0,12700000,116615000,0.195172,101500000,0.169874,0.0,105300000,0.176234,36840000,68500000,0.114644,1.42412,1.42412,48100000,48100000,https://www.sec.gov/Archives/edgar/data/876523/000095012309070576/0000950123-09-070576-index.html,https://www.sec.gov/Archives/edgar/data/876523/000095012309070576/d70381e10vk.htm
0,2008-09-30,EZPW,2008-12-15 00:00:00,2008-12-12 18:14:44,FY,457400000,176600000,280900000,0.614123,0.0,40500000,0.0,153400000,206200000.00000003,382800000,-420000.0,12400000,90022000,0.196812,74600000,0.163096,0.0,78100000,0.170748,25642000,52400000,0.114561,1.21016,1.21016,43300000,43300000,https://www.sec.gov/Archives/edgar/data/876523/000095013408022121/0000950134-08-022121-index.html,https://www.sec.gov/Archives/edgar/data/876523/000095013408022121/d65552e10vk.htm
0,2007-09-30,EZPW,2007-12-14 00:00:00,2007-12-13 20:06:14,FY,372200000,146500000,225700000,0.606394,0.0,31700000,0.0,128600000,170200000,316700000,-281000.0,9800000.0,69472000,0.186652,55500000,0.149113,0.0,59900000,0.160935,22053000,37900000,0.101827,0.87731,0.87731,43200000,43200000,https://www.sec.gov/Archives/edgar/data/876523/000095013407025379/0000950134-07-025379-index.html,https://www.sec.gov/Archives/edgar/data/876523/000095013407025379/d52356e10vk.htm
0,2006-09-30,EZPW,,,FY,315900000,106900000,209000000,0.661602,0.0,46300000,0.0,111100000,165999999.99999997,272899999.99999994,2500000.0,8600000.0,56600000,0.179171,43000000,0.136119,0.0,45500000,0.144033,16200000,29300000,0.092751,0.69267,0.69267,42300000,42300000,,
0,2005-09-30,EZPW,,,FY,254200000,90700000,163500000,0.643194,0.0,37300000,0.0,95900000,141200000,231900000,900000.0,8100000.0,32100000,0.126279,22200000,0.087333,0.0,23100000,0.090873,8300000.0,14800000,0.058222,0.36364,0.36364,40700000,40700000,,
0,2004-09-30,EZPW,,,FY,227800000,88200000,139600000,0.612818,0.0,30900000,0.0,86900000,125300000,213500000,200000.0,7500000.0,22200000,0.097454,14300000,0.062774,0.0,14500000,0.063652,5400000.0,9100000.0,0.039947,0.23096,0.23096,39400000,39400000,,
0,2003-09-30,EZPW,,,FY,206300000,86100000,120200000,0.582647,0.0,21700000,0.0,80700000,112300000.00000001,198400000,-600000.0,8800000.0,7400000.0,0.03587,8000000.0,0.038778,0.0,7200000.0,0.034901,-1200000.0,400000.0,0.001939,0.01061,0.01061,37700000,37700000,,
0,2002-09-30,EZPW,,,FY,196900000,84900000,112000000,0.568817,0.0,19600000,0.0,74300000,104000000,188900000,-4200000.0,10100000,9400000.0,0.04774,8000000.0,0.04063,0.0,3500000.0,0.017776,1300000.0,2200000.0,0.011173,0.05962,0.05962,36900000,36900000,,
0,2001-09-30,EZPW,2001-12-21 00:00:00,2001-12-21 00:00:00,FY,186200000,79100000,107100000,0.575188,0.0,14000000,0.0,75200000,99400000,178500000,-8000000.0,10800000,2100000.0,0.011278,7700000.0,0.041353,0.0,-700000.0,-0.003759,-100000.0,-600000.0,-0.003222,-0.01653,-0.01653,36300000,36300000,https://www.sec.gov/Archives/edgar/data/876523/000095013401509775/0000950134-01-509775-index.html,https://www.sec.gov/Archives/edgar/data/876523/000095013401509775/d93095e10-k.txt
0,2000-09-30,EZPW,2000-12-28 00:00:00,2000-12-28 00:00:00,FY,197400000,88100000,109300000,0.553698,0.0,19300000,0.0,85500000,125600000,213700000,-6000000.0,10300000,-32100000,-0.162614,-16300000,-0.082573,0.0,-22000000,-0.111449,-3800000.0,-32600000,-0.165147,-0.90305,-0.90305,36100000,36100000,https://www.sec.gov/Archives/edgar/data/876523/000095013400010776/0000950134-00-010776-index.html,https://www.sec.gov/Archives/edgar/data/876523/000095013400010776/d82867e10-k.txt
0,1999-09-30,EZPW,,,FY,232000000,113800000,118100000,0.509052,0.0,14700000,0.0,82000000,106100000.00000001,219900000,-3400000.0,9400000.0,14700000,0.063362,12100000,0.052155,0.0,8700000.0,0.0375,3200000.0,5500000.0,0.023707,0.15278,0.15278,36000000,36000000,,
0,1998-09-30,EZPW,,,FY,197400000,94100000,103300000,0.523303,0.0,12800000,0.0,66700000,87100000,181200000,-1300000.0,7600000.0,21100000,0.10689,16200000,0.082067,0.0,14900000,0.075481,5600000.0,9200000.0,0.046606,0.25556,0.25556,36000000,36000000,,
0,1997-09-30,EZPW,,,FY,180300000,84500000,95800000,0.531337,0.0,13300000,0.0,60700000,81600000,166100000,-1000000.0,7600000.0,19700000,0.109262,14200000,0.078758,0.0,13200000,0.073211,4700000.0,8400000.0,0.046589,0.23333,0.23333,36000000,36000000,,
0,1996-09-30,EZPW,,,FY,173600000,89000000,84700000,0.487903,0.0,10700000,0.0,59000000,77199999.99999999,166200000,-1900000.0,7600000.0,11200000,0.064516,7400000.0,0.042627,0.0,5500000.0,0.031682,2000000.0,3500000.0,0.020161,0.09722,0.09722,36000000,36000000,,
