,date,symbol,fillingDate,acceptedDate,period,revenue,costOfRevenue,grossProfit,grossProfitRatio,researchAndDevelopmentExpenses,generalAndAdministrativeExpenses,sellingAndMarketingExpenses,otherExpenses,operatingExpenses,costAndExpenses,interestExpense,depreciationAndAmortization,ebitda,ebitdaratio,operatingIncome,operatingIncomeRatio,totalOtherIncomeExpensesNet,incomeBeforeTax,incomeBeforeTaxRatio,incomeTaxExpense,netIncome,netIncomeRatio,eps,epsdiluted,weightedAverageShsOut,weightedAverageShsOutDil,link,finalLink
0,2020-08-31,FDS,2020-10-29,2020-10-29 08:48:42,FY,1494111000,695446000,798665000,0.534542,0.0,359005000,0.0,695446000,359005000,1054451000,-9829000.0,57614000,474919000,0.317861,439660000,0.294262,-2697000.0,427134000,0.285878,54196000,372938000,0.249605,9.65011,9.65011,37936000,37936000,https://www.sec.gov/Archives/edgar/data/1013237/000101323720000153/0001013237-20-000153-index.htm,https://www.sec.gov/Archives/edgar/data/1013237/000101323720000153/fds-20200831.htm
0,2019-08-31,FDS,2019-10-30 00:00:00,2019-10-30 11:37:54,FY,1435351000,663446000,771905000,0.537781,0.0,333870000,0.0,-230770000,333870000,997316000,-16070000,60463000,469758000,0.327277,438035000,0.305176,0.0,421965000,0.29398,72575000,352790000,0.245787,9.07545,9.07545,38873000,38873000,https://www.sec.gov/Archives/edgar/data/1013237/000143774919020894/0001437749-19-020894-index.html,https://www.sec.gov/Archives/edgar/data/1013237/000143774919020894/fds20190831_10k.htm
0,2018-08-31,FDS,2018-10-30 00:00:00,2018-10-30 12:19:10,FY,1350145000,659296000,690849000,0.511685,0.0,324645000,0.0,442196000,324645000,983941000,-14366000,57285000,394757000,0.292381,366204000,0.271233,0.0,351838000,0.260593,84753000,267085000,0.197819,6.78277,6.78277,39377000,39377000,https://www.sec.gov/Archives/edgar/data/1013237/000143774918019028/0001437749-18-019028-index.html,https://www.sec.gov/Archives/edgar/data/1013237/000143774918019028/fds20180831_10k.htm
0,2017-08-31,FDS,2017-10-30 00:00:00,2017-10-30 16:02:04,FY,1221179000,566580000,654599000,0.536039,0.0,298564000,0.0,351580000,303687000,870267000,-6600000.0,48294000,386006000,0.316093,350912000,0.287355,0.0,344312000,0.28195,86053000,258259000,0.211483,6.51478,6.51478,39642000,39642000,https://www.sec.gov/Archives/edgar/data/1013237/000143774917017840/0001437749-17-017840-index.html,https://www.sec.gov/Archives/edgar/data/1013237/000143774917017840/fds20170831_10k.htm
0,2016-08-31,FDS,2016-10-31 00:00:00,2016-10-31 10:35:07,FY,1127092000,487409000,639683000,0.567552,0.0,290007000,0.0,487409000,177553999.99999997,664963000,-1136000.0,38052000,497909000,0.441764,462129000,0.410019,0.0,460993000,0.409011,122178000,338815000,0.30061,8.19086,8.19086,41365000,41365000,https://www.sec.gov/Archives/edgar/data/1013237/000143774916040606/0001437749-16-040606-index.html,https://www.sec.gov/Archives/edgar/data/1013237/000143774916040606/fds20161020_10k.htm
0,2015-08-31,FDS,2015-11-02 00:00:00,2015-10-30 18:27:29,FY,1006768000,405339000,601429000,0.597386,0.0,269511000,0.0,405339000,269511000,674850000,1836000.0,31349000,366939000,0.364472,331918000,0.329687,0.0,333754000,0.33151,92703000,241051000,0.239431,5.70738,5.70738,42235000,42235000,https://www.sec.gov/Archives/edgar/data/1013237/000143774915019227/0001437749-15-019227-index.html,https://www.sec.gov/Archives/edgar/data/1013237/000143774915019227/fds20150831_10k.htm
0,2014-08-31,FDS,2014-10-30 00:00:00,2014-10-30 13:46:05,FY,920300000,353700000,566600000,0.615669,0.0,264400000,0.0,353686000,264400000.00000003,618100000,1200000.0,34400000,339021000,0.368381,302200000,0.328371,0.0,303500000,0.329784,91921000,211500000,0.229816,4.9186,4.9186,43000000,43000000,https://www.sec.gov/Archives/edgar/data/1013237/000143774914019084/0001437749-14-019084-index.html,https://www.sec.gov/Archives/edgar/data/1013237/000143774914019084/fds20140831_10k.htm
0,2013-08-31,FDS,2013-10-30 00:00:00,2013-10-30 15:42:35,FY,858100000,306400000,551700000,0.642932,0.0,281300000,0.0,306379000,282300000.00000006,588700000.0000001,1500000.0,35800000,308173000,0.359134,269400000,0.313949,0.0,270900000,0.315697,72273000,198600000,0.231442,4.45291,4.45291,44600000,44600000,https://www.sec.gov/Archives/edgar/data/1013237/000143774913013610/0001437749-13-013610-index.html,https://www.sec.gov/Archives/edgar/data/1013237/000143774913013610/fds20130831_10k.htm
0,2012-08-31,FDS,2012-10-30 00:00:00,2012-10-30 12:53:58,FY,805800000,275500000,530300000,0.658104,0.0,257300000,0.0,275537000,257299999.99999994,532799999.99999994,1700000.0,33800000,310196000,0.384954,273000000,0.338794,0.0,274700000,0.340903,85896000,188800000,0.234301,4.12227,4.12227,45800000,45800000,https://www.sec.gov/Archives/edgar/data/1013237/000143774912010651/0001437749-12-010651-index.html,https://www.sec.gov/Archives/edgar/data/1013237/000143774912010651/fds_10k-083112.htm
0,2011-08-31,FDS,2011-10-31 00:00:00,2011-10-31 15:35:51,FY,726500000,244600000,481900000,0.663317,0.0,243600000,0.0,244623000,243600000,488200000,600000.0,36800000,276312000,0.380333,238300000,0.328011,0.0,239000000,0.328975,67912000,171000000,0.235375,3.60759,3.60759,47400000,47400000,https://www.sec.gov/Archives/edgar/data/1013237/000119312511288590/0001193125-11-288590-index.html,https://www.sec.gov/Archives/edgar/data/1013237/000119312511288590/d235920d10k.htm
0,2010-08-31,FDS,2010-10-29 00:00:00,2010-10-29 15:32:44,FY,641100000,206600000,434500000,0.677741,0.0,212900000,0.0,206550000,212799999.99999997,419400000,500000.0,37300000,259970000,0.405506,221600000,0.345656,0.0,222200000,0.346592,71970000,150200000,0.234285,3.12917,3.12917,48000000,48000000,https://www.sec.gov/Archives/edgar/data/1013237/000119312510241170/0001193125-10-241170-index.html,https://www.sec.gov/Archives/edgar/data/1013237/000119312510241170/d10k.htm
0,2009-08-31,FDS,2009-10-30 00:00:00,2009-10-30 14:34:10,FY,622000000,209400000,412700000,0.663505,0.0,201600000,0.0,410993000,201600000,411000000,1100000.0,34300000,247572000,0.398026,211000000,0.339228,0.0,212100000,0.340997,67172000,145000000,0.233119,2.97131,2.97131,48800000,48800000,https://www.sec.gov/Archives/edgar/data/1013237/000119312509218675/0001193125-09-218675-index.html,https://www.sec.gov/Archives/edgar/data/1013237/000119312509218675/d10k.htm
0,2008-08-31,FDS,2008-10-30 00:00:00,2008-10-30 16:52:47,FY,575500000,191200000,384300000,0.667767,0.0,200400000,0.0,391632000,200400000.00000003,391600000.00000006,5200000.0,30700000,224930000,0.390843,183900000,0.319548,0.0,189000000,0.32841,64030000,125000000,0.217202,2.49501,2.49501,50100000,50100000,https://www.sec.gov/Archives/edgar/data/1013237/000119312508220373/0001193125-08-220373-index.html,https://www.sec.gov/Archives/edgar/data/1013237/000119312508220373/d10k.htm
0,2007-08-31,FDS,2007-10-30 00:00:00,2007-10-30 13:41:59,FY,475800000,152800000,323000000,0.678857,0.0,167900000,0.0,152797000,167899999.99999997,320700000,7800000.0,28600000,199309000,0.418892,155100000,0.325977,0.0,162900000,0.342371,53309000,109600000,0.230349,2.13645,2.13645,51300000,51300000,https://www.sec.gov/Archives/edgar/data/1013237/000119312507229389/0001193125-07-229389-index.html,https://www.sec.gov/Archives/edgar/data/1013237/000119312507229389/d10k.htm
0,2006-08-31,FDS,2006-11-13,2006-11-13 09:08:50,FY,387400000,121400000,266000000,0.686629,0.0,144700000,0.0,121352000,144700000.00000003,266100000.00000003,4700000.0,24300000,155016000,0.400145,121300000,0.313113,0.0,126000000,0.325245,43116000,82900000,0.213991,1.63834,1.63834,50600000,50600000,https://www.sec.gov/Archives/edgar/data/1013237/000110465906074114/a06-22686_110k.htm,https://www.sec.gov/Archives/edgar/data/1013237/000110465906074114/a06-22686_110k.htm
0,2005-08-31,FDS,2005-11-14,2005-11-14 10:27:05,FY,312600000,91800000,220800000,0.706334,0.0,111800000,0.0,91801000,111800000,203600000,1100000.0,18300000,129598000,0.414581,109000000,0.348688,0.0,110200000,0.352527,38398000,71800000,0.229687,1.43028,1.43028,50200000,50200000,https://www.sec.gov/Archives/edgar/data/1013237/000104746905026820/a2164963z10-k.htm,https://www.sec.gov/Archives/edgar/data/1013237/000104746905026820/a2164963z10-k.htm
0,2004-08-31,FDS,2004-11-10 00:00:00,2004-11-10 12:47:02,FY,251900000,74200000,177700000,0.705439,0.0,90100000,0.0,74191000,90100000.00000001,164300000,1800000.0,14700000,105858000,0.420238,87600000,0.347757,0.0,89400000,0.354903,31358000,58000000,0.23025,1.14625,1.14625,50600000,50600000,https://www.sec.gov/Archives/edgar/data/1013237/000119312504192497/0001193125-04-192497-index.html,https://www.sec.gov/Archives/edgar/data/1013237/000119312504192497/d10k.htm
0,2003-08-31,FDS,2003-11-25 00:00:00,2003-11-25 08:00:15,FY,222300000,66300000,156000000,0.701754,0.0,79300000,0.0,66286000,79300000,145600000,2300000.0,17500000,98778000,0.444345,76700000,0.345029,0.0,79000000,0.355376,27578000,51400000,0.231219,0.98467,0.98467,52200000,52200000,https://www.sec.gov/Archives/edgar/data/1013237/000095013503005820/0000950135-03-005820-index.html,https://www.sec.gov/Archives/edgar/data/1013237/000095013503005820/b48557fre10vk.htm
0,2002-08-31,FDS,2002-11-26 00:00:00,2002-11-26 11:51:28,FY,205900000,67900000,137900000,0.669743,0.0,75100000,0.0,68851000,76000000,143900000,2300000.0,18300000,85682000,0.416134,61900000,0.300631,0.0,64200000,0.311802,24282000,40800000,0.198154,0.78011,0.78011,52300000,52300000,https://www.sec.gov/Archives/edgar/data/1013237/000101323702000114/0001013237-02-000114-index.html,https://www.sec.gov/Archives/edgar/data/1013237/000101323702000114/f10k.htm
0,2001-08-31,FDS,2001-11-20 00:00:00,2001-11-20 00:00:00,FY,176700000,61600000,115100000,0.651387,0.0,64200000,0.0,61576000,64199999.99999999,125799999.99999999,3300000.0,16500000,74045000,0.419044,50900000,0.288059,0.0,54200000,0.306735,20845000,33400000,0.189021,0.64107,0.64107,52100000,52100000,https://www.sec.gov/Archives/edgar/data/1013237/000101323701500062/0001013237-01-500062-index.html,https://www.sec.gov/Archives/edgar/data/1013237/000101323701500062/f10kstart.htm
0,2000-08-31,FDS,2000-11-22 00:00:00,2000-11-22 00:00:00,FY,134200000,45500000,88700000,0.660954,0.0,49500000,0.0,0.0,52300000,97800000,3200000.0,11900000,54700000,0.407601,36400000,0.271237,0.0,39600000,0.295082,14300000,25300000,0.188525,0.49031,0.49031,51600000,51600000,https://www.sec.gov/Archives/edgar/data/1013237/000101323700000049/0001013237-00-000049-index.html,https://www.sec.gov/Archives/edgar/data/1013237/000101323700000049/0001013237-00-000049-0001.txt
0,1999-08-31,FDS,1999-11-23 00:00:00,1999-11-23 00:00:00,FY,103800000,37300000,66500000,0.640655,0.0,37900000,0.0,0.0,37900000.00000001,75200000,2000000.0,9800000.0,42500000,0.409441,28600000,0.27553,0.0,30600000,0.294798,12100000,18600000,0.179191,0.372,0.372,50000000,50000000,https://www.sec.gov/Archives/edgar/data/1013237/000101323799000032/0001013237-99-000032-index.html,https://www.sec.gov/Archives/edgar/data/1013237/0001013237-99-000032.txt
0,1998-08-31,FDS,1998-11-25 00:00:00,1998-11-25 00:00:00,FY,78900000,30600000,48300000,0.612167,0.0,24400000,0.0,3100000.0,27400000,58000000,1600000.0,6600000.0,30900000,0.391635,20900000,0.264892,0.0,22400000,0.283904,9800000.0,12900000,0.163498,0.26113,0.26113,49400000,49400000,https://www.sec.gov/Archives/edgar/data/1013237/000101323798000014/0001013237-98-000014-index.html,https://www.sec.gov/Archives/edgar/data/1013237/0001013237-98-000014.txt
0,1997-08-31,FDS,1997-11-26 00:00:00,1997-11-26 00:00:00,FY,58400000,23400000,35000000,0.599315,0.0,18000000,0.0,2100000.0,20100000,43500000,900000.0,4700000.0,21300000,0.364726,14900000,0.255137,0.0,15700000,0.268836,6800000.0,8900000.0,0.152397,0.18238,0.18238,48800000,48800000,https://www.sec.gov/Archives/edgar/data/1013237/000101323797000009/0001013237-97-000009-index.html,https://www.sec.gov/Archives/edgar/data/1013237/0001013237-97-000009.txt
0,1996-08-31,FDS,1996-11-26 00:00:00,1996-11-26 00:00:00,FY,44300000,16100000,28300000,0.638826,0.0,13300000,0.0,4300000.0,17600000,33700000,800000.0,3000000.0,15200000,0.343115,10600000,0.239278,0.0,11400000,0.257336,4900000.0,6500000.0,0.146727,0.13402,0.13402,48500000,48500000,https://www.sec.gov/Archives/edgar/data/1013237/000101323796000009/0001013237-96-000009-index.html,https://www.sec.gov/Archives/edgar/data/1013237/0001013237-96-000009.txt
