,date,symbol,fillingDate,acceptedDate,period,revenue,costOfRevenue,grossProfit,grossProfitRatio,researchAndDevelopmentExpenses,generalAndAdministrativeExpenses,sellingAndMarketingExpenses,otherExpenses,operatingExpenses,costAndExpenses,interestExpense,depreciationAndAmortization,ebitda,ebitdaratio,operatingIncome,operatingIncomeRatio,totalOtherIncomeExpensesNet,incomeBeforeTax,incomeBeforeTaxRatio,incomeTaxExpense,netIncome,netIncomeRatio,eps,epsdiluted,weightedAverageShsOut,weightedAverageShsOutDil,link,finalLink
0,2019-12-31,FNLC,2020-03-06,2020-03-06 09:09:12,FY,66682000,0.0,66682000,1.0,0.0,36422000,0.0,9746000000,62580000,18439000,26158000,1938000.0,58356000,13.50472103,30260000,12.9871244635,6408000000,30260000,12.9871244635,4735000.0,25525000,10.9549356223,2.34404,2.34404,10815677966,10815677966,https://www.sec.gov/Archives/edgar/data/765207/000076520720000010/0000765207-20-000010-index.htm,https://www.sec.gov/Archives/edgar/data/765207/000076520720000010/fnlc-20191231x10k.htm
0,2018-12-31,FNLC,2019-03-08,2019-03-08 08:32:18,FY,62809000,20334000,42475000,0.6762565874317374,0.0,34967000,0.0,8198000000,55301000,17684000,20334000,1792000.0,49968000,12.7816773017,27842000,12.6900638104,5674000000,27842000,12.6900638104,4306000.0,23536000,10.7274384686,2.16872,2.16872,10796330275,10796330275,https://www.sec.gov/Archives/edgar/data/765207/000076520719000008/0000765207-19-000008-index.htm,https://www.sec.gov/Archives/edgar/data/765207/000076520719000008/fnlc-20181231x10k.htm
0,2017-12-31,FNLC,2018-03-14,2018-03-14 13:14:16,FY,59851000,13529000,46322000,0.7739553223839201,0.0,33651000,0.0,7918000000,47180000,16644000,13529000,1864000.0,41593000,0.526287973279,26200000,0.553876075513,5463000000,26200000,0.553876075513,6612000.0,19588000,0.414096357525,1.81052,1.81052,10762637362,10762637362,https://www.sec.gov/Archives/edgar/data/765207/000076520718000008/0000765207-18-000008-index.htm,https://www.sec.gov/Archives/edgar/data/765207/000076520718000008/fnlc-20171231x10k.htm
0,2016-12-31,FNLC,2017-03-10,2017-03-10 10:25:39,FY,55446000,10812000,44634000,0.8049994589330159,0.0,30983000,0.0,7718000000,41795000,15258000,10812000,1745000.0,37020000,0.550329475866,24463000,0.569609053019,4986000000,24463000,0.569609053019,6454000.0,18009000,0.419330803083,1.66291,1.66291,10719642857,10719642857,https://www.sec.gov/Archives/edgar/data/765207/000076520717000008/0000765207-17-000008-index.htm,https://www.sec.gov/Archives/edgar/data/765207/000076520717000008/fnlc-20161231x10k.htm
0,2015-12-31,FNLC,2016-03-11,2016-03-11 11:11:51,FY,53166000,9874000.0,43292000,0.8142798028815408,0.0,31446000,0.0,8385000000,41320000,15138000,9874000.0,1720000.0,33314000,0.561388508892,21720000,0.530584326754,4631000000,21720000,0.530584326754,5514000.0,16206000,0.395886261481,1.50545,1.50545,10661842105,10661842105,https://www.sec.gov/Archives/edgar/data/765207/000076520716000060/0000765207-16-000060-index.htm,https://www.sec.gov/Archives/edgar/data/765207/000076520716000060/fnlc-20151231x10k.htm
0,2014-12-31,FNLC,2015-03-13,2015-03-13 14:21:36,FY,50650000,11430000,39220000,0.7743336623889437,0.0,31370000,0.0,8845000000,42800000,15216000,11430000,1663000.0,32369000,0.527565219587,19280000,0.486779301462,4270000000,19280000,0.486779301462,4566000.0,14710000,0.371467535419,1.37348,1.37348,10658695652,10658695652,https://www.sec.gov/Archives/edgar/data/765207/000076520715000010/0000765207-15-000010-index.htm,https://www.sec.gov/Archives/edgar/data/765207/000076520715000010/fnlc-20141231x10k.htm
0,2013-12-31,FNLC,2014-03-14,2014-03-14 12:15:04,FY,49530000,12500000,37030000,0.7476277003836059,0.0,33140000,0.0,8457000000,45640000,14631000,12500000,1730000.0,30625000,0.457959401709,16390000,0.437767094017,4245000000,16390000,0.437767094017,3425000.0,12970000,0.346287393162,1.23289,1.23289,10804166666,10804166666,https://www.sec.gov/Archives/edgar/data/765207/000076520714000009/0000765207-14-000009-index.htm,https://www.sec.gov/Archives/edgar/data/765207/000076520714000009/fnlc-20131231x10k.htm
0,2012-12-31,FNLC,2013-03-08,2013-03-08 14:36:32,FY,50170000,12940000,37230000,0.742076938409408,0.0,34110000,0.0,7960000000,47050000,12974000,12940000,1310000.0,30311000,0.535088847173,16060000,0.412965772623,3607000000,16060000,0.412965772623,3371000.0,12690000,0.326278704966,1.28832,1.28832,10400000000,10400000000,https://www.sec.gov/Archives/edgar/data/765207/000076520713000009/0000765207-13-000009-index.htm,https://www.sec.gov/Archives/edgar/data/765207/000076520713000009/thefirstbancorp10k2012.htm
0,2011-12-31,FNLC,2012-03-12,2012-03-12 11:21:26,FY,52740000,14710000,38030000,0.7210845657944635,0.0,36590000,0.0,0.0,51300000,12528000,14710000,1360000.0,32221000,0.53001732003,16160000,0.394091674188,3125000000,16160000,0.394091674188,3791000.0,12360000,0.301612470422,1.26122,1.26122,9788610000,9788610000,https://www.sec.gov/Archives/edgar/data/765207/000076520712000010/0000765207-12-000010-index.htm,https://www.sec.gov/Archives/edgar/data/765207/000076520712000010/thefirstbancorp10k2011.htm
0,2010-12-31,FNLC,2011-03-11,2011-03-11 09:56:46,FY,49730000,16670000,33060000,0.6647898652724713,0.0,33530000,0.0,7244000000,50200000,12210000,16670000,1390000.0,34258000,0.469043336865,16190000,0.398975091774,3044000000,16190000,0.398975091774,4078000.0,12120000,0.298504520929,1.24053,1.24053,9760760000,9760760000,https://www.sec.gov/Archives/edgar/data/765207/000076520711000023/0000765207-11-000023-index.htm,https://www.sec.gov/Archives/edgar/data/765207/000076520711000023/thefirstbancorp10k2010.htm
0,2009-12-31,FNLC,2010-03-12,2010-03-12 14:59:19,FY,56400000,18920000,37480000,0.6645390070921986,0.0,38820000,0.0,8855000000,57740000,8855000000,18920000,1480000.0,4580440000,0.1286419792549026,17590000,0.10494014607872908,6566000000,17590000,0.2811136505298151,4547000000,13040000,0.20844188016429863,1.34018,1.34018,9721172000,9721172000,https://www.sec.gov/Archives/edgar/data/765207/000076520710000004/0000765207-10-000004-index.htm,https://www.sec.gov/Archives/edgar/data/765207/000076520710000004/thefirstbancorp10k2009.htm
0,2008-12-31,FNLC,2009-03-13,2009-03-13 09:56:14,FY,47350000,33670000,13680000,0.2889123548046463,0.0,27690000,0.0,7766000000,61360000,7766000000,33670000,1230000.0,5669930000,0.5466514617458014,19660000,0.5379431888865851,5189000000,19660000,2.037632179141613,5621000000,14030000,1.4549035869790587,1.44342,1.44342,9701379000,9701379000,https://www.sec.gov/Archives/edgar/data/765207/000076520709000009/0000765207-09-000009-index.htm,https://www.sec.gov/Archives/edgar/data/765207/000076520709000009/thefirstbancorp10k2008.htm
0,2007-12-31,FNLC,2008-03-14,2008-03-14 15:10:00,FY,41990000,39890000,2100000.0,0.05001190759704691,0.0,23620000,0.0,0.0,63510000,0.0,39890000,1220000.0,59480000,0.0,18360000,0.0,0.0,18360000,0.0,5270000.0,13100000,0.0,1.33537,1.33537,0.0,0.0,https://www.sec.gov/Archives/edgar/data/765207/000076520708000003/0000765207-08-000003-index.htm,https://www.sec.gov/Archives/edgar/data/765207/000076520708000003/fnlc10k2007.htm
0,2006-12-31,FNLC,2007-03-16,2007-03-16 15:46:11,FY,40930000,33590000,7340000.0,0.17933056437820669,0.0,23770000,0.0,22439000000,57360000,22439000000,33590000,1400000.0,52150000,0.0,17160000,0.0,10306000000,17160000,0.0,4860000.0,12300000,0.0,1.2462,1.2462,9836000000,9836000000,https://www.sec.gov/Archives/edgar/data/765207/000076520707000003/0000765207-07-000003-index.htm,https://www.sec.gov/Archives/edgar/data/765207/000076520707000003/fnlc10k2006.htm
0,2005-12-31,FNLC,2006-03-16,2006-03-16 16:42:43,FY,40610000,18850000,21760000,0.5358286136419601,0.0,22720000,0.0,0.0,41570000,0.0,18850000,1470000.0,38220000,0.0,17900000,0.0,9179000000,17900000,0.0,5060000.0,12840000,0.0,1.30223,1.30223,9744615384,9744615384,https://www.sec.gov/Archives/edgar/data/765207/000076520706000005/0000765207-06-000005-index.htm,https://www.sec.gov/Archives/edgar/data/765207/000076520706000005/fnlc10k2005a.htm
0,2004-12-31,FNLC,,,FY,26170000,9020000.0,26170000,1.0,0.0,14250000,0.0,0.0,23270000,0.0,9020000.0,1010000.0,21950000,0.0,11920000,0.0,0.0,11920000,0.0,3410000.0,8510000.0,0.0,1.1377,1.1377,7480000.0,7480000.0,,
0,2003-12-31,FNLC,,,FY,22890000,9800000.0,22890000,1.0,0.0,12510000,0.0,0.0,22310000,0.0,9800000.0,970000.0,21160000,0.0,10390000,0.0,0.0,10390000,0.0,2960000.0,7430000.0,0.0,0.99732,0.99732,7450000.0,7450000.0,,
0,2002-12-31,FNLC,,,FY,22050000,12200000,22050000,1.0,0.0,12870000,0.0,0.0,25070000,0.0,12200000,950000.0,22340000,0.0,9190000.0,0.0,0.0,9190000.0,0.0,2680000.0,6510000.0,0.0,0.88092,0.88092,7390000.0,7390000.0,,
0,2001-12-31,FNLC,,,FY,18930000,15030000,18930000,1.0,0.0,11210000,0.0,0.0,26240000,0.0,15030000,770000.0,23520000,0.0,7720000.0,0.0,0.0,7720000.0,0.0,2230000.0,5490000.0,0.0,0.74592,0.74592,7360000.0,7360000.0,,
0,2000-12-31,FNLC,2001-03-29 00:00:00,2001-03-29 00:00:00,FY,15740000,15150000,15740000,1.0,0.0,9240000.0,0.0,0.0,24390000,0.0,15150000,680000.0,22330000,0.0,6500000.0,0.0,0.0,6500000.0,0.0,1890000.0,4610000.0,0.0,0.62978,0.62978,7320000.0,7320000.0,https://www.sec.gov/Archives/edgar/data/765207/000076520701500004/0000765207-01-500004-index.html,https://www.sec.gov/Archives/edgar/data/765207/000076520701500004/live10k2000.txt
0,1999-12-31,FNLC,,,FY,14760000,11590000,14760000,1.0,0.0,8440000.0,0.0,0.0,20030000,0.0,11590000,540000.0,18450000,0.0,6320000.0,0.0,0.0,6320000.0,0.0,1870000.0,4450000.0,0.0,0.5894,0.5894,7550000.0,7550000.0,,
0,1998-12-31,FNLC,,,FY,13150000,10460000,13150000,1.0,0.0,7440000.0,0.0,0.0,17900000,0.0,10460000,540000.0,16720000,0.0,5720000.0,0.0,0.0,5720000.0,0.0,1710000.0,4010000.0,0.0,0.52078,0.52078,7700000.0,7700000.0,,
0,1997-12-31,FNLC,,,FY,11950000,9500000.0,11950000,1.0,0.0,6260000.0,0.0,0.0,15760000,0.0,9500000.0,580000.0,15770000,0.0,5680000.0,0.0,0.0,5680000.0,0.0,1780000.0,3910000.0,0.0,0.51651,0.51651,7570000.0,7570000.0,,
0,1996-12-31,FNLC,,,FY,10700000,8170000.0,10700000,1.0,0.0,5680000.0,0.0,0.0,13850000,0.0,8170000.0,530000.0,13710000,0.0,5010000.0,0.0,0.0,5010000.0,0.0,1590000.0,3420000.0,0.0,0.4603,0.4603,7430000.0,7430000.0,,
0,1995-12-31,FNLC,1996-03-29 00:00:00,1996-03-29 00:00:00,FY,9680000.0,7730000.0,9680000.0,1.0,0.0,5680000.0,0.0,0.0,13410000,0.0,7730000.0,530000.0,12250000,0.0,3990000.0,0.0,0.0,3990000.0,0.0,1270000.0,2720000.0,0.0,0.37108,0.37108,7330000.0,7330000.0,https://www.sec.gov/Archives/edgar/data/765207/000076520796000004/0000765207-96-000004-index.html,https://www.sec.gov/Archives/edgar/data/765207/0000765207-96-000004.txt
