,date,symbol,fillingDate,acceptedDate,period,revenue,costOfRevenue,grossProfit,grossProfitRatio,researchAndDevelopmentExpenses,generalAndAdministrativeExpenses,sellingAndMarketingExpenses,otherExpenses,operatingExpenses,costAndExpenses,interestExpense,depreciationAndAmortization,ebitda,ebitdaratio,operatingIncome,operatingIncomeRatio,totalOtherIncomeExpensesNet,incomeBeforeTax,incomeBeforeTaxRatio,incomeTaxExpense,netIncome,netIncomeRatio,eps,epsdiluted,weightedAverageShsOut,weightedAverageShsOutDil,link,finalLink
0,2019-12-31,GCAP,2020-03-16 00:00:00,2020-03-16 17:06:18,FY,236257000,52420000,183837000,0.778123,0.0,188654000,0.0,132080000,243923000,294018000,2325000.0,25897000,-45408000,-0.192197,-60086000,-0.254325,0.0,-73630000,-0.311652,-12869000,-60761000,-0.257182,-1.6251,-1.6251,37388980,37388980,https://www.sec.gov/Archives/edgar/data/1444363/000144436320000017/0001444363-20-000017-index.html,https://www.sec.gov/Archives/edgar/data/1444363/000144436320000017/gcap2019123110-k.htm
0,2018-12-31,GCAP,2019-03-11 00:00:00,2019-03-11 17:24:37,FY,359820000,64788000,295032000,0.819943,0.0,205238000,0.0,137108000,245000999.99999997,307926000,1863000.0,35107000,138373000,0.384562,50031000,0.139045,0.0,36491000,0.101415,8514000.0,92889000,0.258154,2.10207,2.10207,44189320,44189320,https://www.sec.gov/Archives/edgar/data/1444363/000144436319000018/0001444363-19-000018-index.html,https://www.sec.gov/Archives/edgar/data/1444363/000144436319000018/gcap2018123110-k.htm
0,2017-12-31,GCAP,2018-03-14 00:00:00,2018-03-14 17:17:03,FY,279121000,73960000,205161000,0.735025,0.0,176286000,0.0,140706000,212861000.00000006,308946000,883000.0,34017000,16850000,0.060368,-7700000.0,-0.027587,0.0,-19521000,-0.069937,-6855000.0,-11195000,-0.040108,-0.23952,-0.23952,46740100,46740100,https://www.sec.gov/Archives/edgar/data/1444363/000144436318000024/0001444363-18-000024-index.html,https://www.sec.gov/Archives/edgar/data/1444363/000144436318000024/gcap2017123110-k.htm
0,2016-12-31,GCAP,2017-03-15 00:00:00,2017-03-15 16:43:12,FY,383302000,94703000,288599000,0.752929,0.0,196476000,0.0,142462000,235585000,354162000,552000.0,28921000,74513000,0.194398,53014000,0.138309,0.0,42593000,0.111121,9768000.0,35272000,0.092021,0.723,0.723,48785670,48785670,https://www.sec.gov/Archives/edgar/data/1444363/000144436317000016/0001444363-17-000016-index.html,https://www.sec.gov/Archives/edgar/data/1444363/000144436317000016/gcap2016123110-k.htm
0,2015-12-31,GCAP,2016-03-17 00:00:00,2016-03-17 17:20:58,FY,436396000,136486000,299910000,0.687243,0.0,215207000,0.0,146905000,282261000,417698000,1049000.0,27661000,35477000,0.081295,17649000,0.040443,0.0,8427000.0,0.01931,-3512000.0,10279000,0.023554,0.21247,0.21247,48379050,48379050,https://www.sec.gov/Archives/edgar/data/1444363/000144436316000191/0001444363-16-000191-index.html,https://www.sec.gov/Archives/edgar/data/1444363/000144436316000191/gcap2015123110-k.htm
0,2014-12-31,GCAP,2015-03-16,2015-03-16 16:53:28,FY,369788000,117739000,252049000,0.681604,0.0,177363000,0.0,131245000,200451999.99999997,317334000,599000.0,14690000,53159000,0.143755,51597000,0.139531,0.0,45450000,0.122908,12993000,24877000,0.067274,0.57566,0.57566,43214900,43214900,https://www.sec.gov/Archives/edgar/data/1444363/000144436315000054/gcap2014123110-k.htm,https://www.sec.gov/Archives/edgar/data/1444363/000144436315000054/gcap2014123110-k.htm
0,2013-12-31,GCAP,2014-03-17,2014-03-17 17:12:24,FY,267800000,70900000,196900000,0.73525,0.0,136300000,0.0,155306000,150200000,223286000,1389000.0,11800000,55083000,0.205687,46700000,0.174384,0.0,45500000,0.169903,13794000,28100000,0.104929,0.7096,0.7096,39600000,39600000,https://www.sec.gov/Archives/edgar/data/1444363/000144436314000048/gcap2013123110-k.htm,https://www.sec.gov/Archives/edgar/data/1444363/000144436314000048/gcap2013123110-k.htm
0,2012-12-31,GCAP,2013-03-18 00:00:00,2013-03-18 17:27:04,FY,151900000,38500000,113300000,0.745885,0.0,102500000,0.0,112548000,112199999.99999999,150218000,491000.0,9100000.0,10712000,0.07052,1100000.0,0.007242,0.0,1100000.0,0.007242,-1479000.0,2600000.0,0.017117,0.0686,0.0686,37900000,37900000,https://www.sec.gov/Archives/edgar/data/1444363/000119312513112866/0001193125-13-112866-index.html,https://www.sec.gov/Archives/edgar/data/1444363/000119312513112866/d440569d10k.htm
0,2011-12-31,GCAP,2012-03-15 00:00:00,2012-03-15 17:17:46,FY,182900000,34500000,148400000,0.811372,0.0,112400000,0.0,105466000,125100000,158221000,1414000.0,12800000,37460000,0.204811,23200000,0.126845,0.0,23200000,0.126845,7546000.0,15700000,0.085839,0.40256,0.40256,39000000,39000000,https://www.sec.gov/Archives/edgar/data/1444363/000119312512117644/0001193125-12-117644-index.html,https://www.sec.gov/Archives/edgar/data/1444363/000119312512117644/d278852d10k.htm
