,date,symbol,fillingDate,acceptedDate,period,revenue,costOfRevenue,grossProfit,grossProfitRatio,researchAndDevelopmentExpenses,generalAndAdministrativeExpenses,sellingAndMarketingExpenses,otherExpenses,operatingExpenses,costAndExpenses,interestExpense,depreciationAndAmortization,ebitda,ebitdaratio,operatingIncome,operatingIncomeRatio,totalOtherIncomeExpensesNet,incomeBeforeTax,incomeBeforeTaxRatio,incomeTaxExpense,netIncome,netIncomeRatio,eps,epsdiluted,weightedAverageShsOut,weightedAverageShsOutDil,link,finalLink
0,2019-12-31,TPRE,2020-02-28,2020-02-28 16:06:00,FY,700142000,0.0,700142000,1.0,0.0,53763000,0.0,5879000.0,758767000,758767000,8228000.0,0.0,209560000,0.299311,223935000,0.319842,0.0,201332000,0.287559,713000.0,200619000,0.28654,2.16529,2.16529,91784268000,92709421000,https://www.sec.gov/Archives/edgar/data/1576018/000157601820000014/0001576018-20-000014-index.htm,https://www.sec.gov/Archives/edgar/data/1576018/000157601820000014/tpre-20191231x10k.htm
0,2018-12-31,TPRE,2019-02-28,2019-02-28 16:27:46,FY,621442000,0.0,621442000,1.0,0.0,36241000,0.0,-1273000.0,679880000,679880000,8228000.0,0.0,-313474000,-0.50443,-309871000,-0.498632,0.0,-321479000,-0.517311,-4010000.0,-317692000,-0.511217,-3.27334,-3.27334,98768442000,98768442000,https://www.sec.gov/Archives/edgar/data/1576018/000157601819000028/0001576018-19-000028-index.htm,https://www.sec.gov/Archives/edgar/data/1576018/000157601819000028/tpre-20181231x10k.htm
0,2017-12-31,TPRE,2018-03-01,2018-03-01 16:50:39,FY,547058000,0.0,547058000,1.0,0.0,53103000,0.0,2800000.0,614865000,614865000,8225000.0,0.0,298799000,0.546193,324146000,0.592526,0.0,293747000,0.536958,12776000,277798000,0.507804,2.63999,2.63999,102553346000,105040251000,https://www.sec.gov/Archives/edgar/data/1576018/000157601818000012/0001576018-18-000012-index.htm,https://www.sec.gov/Archives/edgar/data/1576018/000157601818000012/tpre-20171231x10k.htm
0,2016-12-31,TPRE,2017-02-24,2017-02-24 16:02:53,FY,590190000,0.0,590190000,1.0,0.0,39367000,0.0,8647000.0,666096000,666096000,8231000.0,5118000.0,41459000,0.070247,22919000,0.038833,0.0,34469000,0.058403,5593000.0,27635000,0.046824,0.26178,0.26178,104055946000,105590668000,https://www.sec.gov/Archives/edgar/data/1576018/000157601817000023/0001576018-17-000023-index.htm,https://www.sec.gov/Archives/edgar/data/1576018/000157601817000023/tpre-20161231x10k.htm
0,2015-12-31,TPRE,2016-02-26,2016-02-26 16:35:34,FY,602824000,0.0,602824000,1.0,0.0,46033000,0.0,13235000,665675000,665675000,7236000.0,0.0,-83059000,-0.137783,-90925000,-0.150832,0.0,-90344000,-0.149868,-2905000.0,-87390000,-0.144968,-0.84026,-0.84026,103931871000,103931871000,https://www.sec.gov/Archives/edgar/data/1576018/000157601816000075/0001576018-16-000075-index.htm,https://www.sec.gov/Archives/edgar/data/1576018/000157601816000075/tpre-20151231x10k.htm
0,2014-12-31,TPRE,2015-02-27,2015-02-27 17:23:19,FY,444532000,0.0,444532000,1.0,0.0,38885000,0.0,6530000.0,465768000,465768000,-1988000.0,0.0,54055000,0.1216,64346000,0.14475,0.0,62358000,0.140278,5648000.0,50395000,0.113366,0.47368,0.47368,103275204000,106454775000,https://www.sec.gov/Archives/edgar/data/1576018/000157601815000018/0001576018-15-000018-index.htm,https://www.sec.gov/Archives/edgar/data/1576018/000157601815000018/tpre-20141231x10k.htm
0,2013-12-31,TPRE,2014-02-28,2014-02-27 19:20:05,FY,220700000,0.0,220700000,1.0,0.0,32300000,0.0,5200000.0,245300000,245300000,-500000.0,-262000.0,226800000,1.027639,233500000,1.057997,0.0,233100000,1.056185,0.0,227300000,1.029905,2.55393,2.55393,83252120000,92438629000,https://www.sec.gov/Archives/edgar/data/1576018/000157601814000010/0001576018-14-000010-index.htm,https://www.sec.gov/Archives/edgar/data/1576018/000157601814000010/tpre-20131231x10k.htm
