,date,symbol,fillingDate,acceptedDate,period,revenue,costOfRevenue,grossProfit,grossProfitRatio,researchAndDevelopmentExpenses,generalAndAdministrativeExpenses,sellingAndMarketingExpenses,otherExpenses,operatingExpenses,costAndExpenses,interestExpense,depreciationAndAmortization,ebitda,ebitdaratio,operatingIncome,operatingIncomeRatio,totalOtherIncomeExpensesNet,incomeBeforeTax,incomeBeforeTaxRatio,incomeTaxExpense,netIncome,netIncomeRatio,eps,epsdiluted,weightedAverageShsOut,weightedAverageShsOutDil,link,finalLink
0,2019-12-31,STL,2020-02-28 00:00:00,2020-02-28 16:15:01,FY,1049788000,0.0,1049788000,1.0,0.0,509822000,0.0,0.0,793439000,234947000,283617000,39107000,862690000,24.7735434503,539966000,20.4548071824,0.0,539966000,20.4548071824,112925000,427041000,16.1770209864,2.07169,2.07169,206131630,206131630,https://www.sec.gov/Archives/edgar/data/1070154/000107015420000008/0001070154-20-000008-index.html,https://www.sec.gov/Archives/edgar/data/1070154/000107015420000008/stl10-k123119.htm
0,2018-12-31,STL,2019-03-01 00:00:00,2019-03-01 16:15:55,FY,1070600000,241070000,1070600000,1.0,0.0,504370000,0.0,0.0,745440000,243986000,241070000,43995000.00000001,851295000,25.8392471114,566230000,21.1043607902,0.0,566230000,21.1043607902,118976000,447254000,16.6699217294,1.98941,1.98941,224817000,224817000,https://www.sec.gov/Archives/edgar/data/1070154/000107015419000009/0001070154-19-000009-index.html,https://www.sec.gov/Archives/edgar/data/1070154/000107015419000009/a10-kfor2018.htm
0,2017-12-31,STL,2018-03-01 00:00:00,2018-02-28 19:28:08,FY,640345000,106306000,640345000,1.0,0.0,459375000,0.0,0.0,565681000,162956000,106306000,24677999.999999996,311954000,0.395205704139,180970000,0.314106046589,0.0,180970000,0.314106046589,87939000,93031000,0.161472065095,0.58834,0.58834,158124270,158124270,https://www.sec.gov/Archives/edgar/data/1070154/000107015418000007/0001070154-18-000007-index.html,https://www.sec.gov/Archives/edgar/data/1070154/000107015418000007/stl12311710-k.htm
0,2016-12-31,STL,2017-02-27 00:00:00,2017-02-24 17:57:12,FY,475256000,57282000,475256000,1.0,0.0,267902000,0.0,0.0,325184000,138332000,57282000,20791000,285427000,0.572062166528,207354000,0.512910957803,0.0,207354000,0.512910957803,67382000,139972000,0.346234809001,1.06658,1.06658,131234460,131234460,https://www.sec.gov/Archives/edgar/data/1070154/000107015417000009/0001070154-17-000009-index.html,https://www.sec.gov/Archives/edgar/data/1070154/000107015417000009/stl12311610-k.htm
0,2015-12-31,STL,2016-02-29 00:00:00,2016-02-29 17:14:12,FY,373967000,36925000,373967000,1.0,0.0,276018000,0.0,274000.0,312943000,114982000,36925000,17519000,152393000,0.386291193255,97949000,0.31472996247,0.0,97949000,0.31472996247,31835000,66114000,0.212437663873,0.59924,0.59924,110329350,110329350,https://www.sec.gov/Archives/edgar/data/1070154/000107015416000038/0001070154-16-000038-index.html,https://www.sec.gov/Archives/edgar/data/1070154/000107015416000038/stl-2015x1231x10kdocument.htm
0,2014-12-31,STL,2015-03-06,2015-03-06 16:11:17,FY,74200000,7900000.0,74200000,1.0,0.0,48800000,0.0,-81000.0,56700000,0.0,7900000.0,3328999.9999999995,36605000,0.0,25400000,0.0,0.0,25400000,0.0,8376000.0,17000000,0.0,0.2019,0.2019,84200000,84200000,https://www.sec.gov/Archives/edgar/data/1070154/000107015415000010/stl-2014x1231xmaster10kt.htm,https://www.sec.gov/Archives/edgar/data/1070154/000107015415000010/stl-2014x1231xmaster10kt.htm
0,2014-09-30,STL,2014-11-28 00:00:00,2014-11-28 15:17:59,FY,265400000,28900000,265400000,1.0,0.0,227500000,0.0,0.0,256400000,103718000,28900000,15900000,82652000,0.203905719581,37800000,0.126970291943,0.0,37800000,0.0,10152000,27700000,0.126970291943,0.3441,0.3441,80500000,80500000,https://www.sec.gov/Archives/edgar/data/1070154/000107015414000047/0001070154-14-000047-index.html,https://www.sec.gov/Archives/edgar/data/1070154/000107015414000047/stl-2014x0930xmaster10k.htm
0,2013-09-30,STL,2013-12-09 00:00:00,2013-12-09 17:30:15,FY,139900000,19900000,139900000,1.0,0.0,103200000,0.0,-1562000.0,123100000,49129000,19900000,5500000.0,62114000,0.288373585814,36700000,0.225146433443,0.0,36700000,0.0,11414000,25300000,0.225146433443,0.57763,0.57763,43800000,43800000,https://www.sec.gov/Archives/edgar/data/1070154/000144530513003139/0001445305-13-003139-index.html,https://www.sec.gov/Archives/edgar/data/1070154/000144530513003139/stl-2013x930xmaster10k.htm
0,2012-09-30,STL,2012-12-14 00:00:00,2012-12-14 16:45:14,FY,128700000,18600000,128700000,1.0,0.0,102600000,0.0,0.0,121200000,47283000,18600000,5900000.0,50559000,0.282706501907,26000000,0.206170177476,0.0,26000000,2.492058936088787,6159000.0,19900000,0.206170177476,0.52094,0.52094,38200000,38200000,https://www.sec.gov/Archives/edgar/data/1070154/000107015412000012/0001070154-12-000012-index.html,https://www.sec.gov/Archives/edgar/data/1070154/000107015412000012/pbny-2012x930xmaster10k1.htm
0,2011-09-30,STL,2011-12-13 00:00:00,2011-12-13 16:11:48,FY,121300000,21300000,121300000,1.0,0.0,106700000,0.0,0.0,128000000,45088000,21300000,7600000.0,43407000,0.218764377259,14500000,0.15933837222,0.0,14500000,0.15933837222,2807000.0,11700000,0.128590207033,0.312,0.312,37500000,37500000,https://www.sec.gov/Archives/edgar/data/1070154/000119312511339506/0001193125-11-339506-index.html,https://www.sec.gov/Archives/edgar/data/1070154/000119312511339506/d234463d10k.htm
0,2010-09-30,STL,2010-12-13 00:00:00,2010-12-13 16:39:14,FY,120500000,26400000,120500000,1.0,0.0,93200000,0.0,0.0,119600000,0.0,26400000,6899999.999999999,60673000,0.0,27400000,0.0,0.0,27400000,0.0,6873000.0,20500000,0.0,0.53665,0.53665,38200000,38200000,https://www.sec.gov/Archives/edgar/data/1070154/000114036110049370/0001140361-10-049370-index.html,https://www.sec.gov/Archives/edgar/data/1070154/000114036110049370/form10k.htm
0,2009-09-30,STL,2009-12-10 00:00:00,2009-12-10 14:38:09,FY,133900000,37700000,133900000,1.0,0.0,97800000,0.0,0.0,135500000,0.0,37700000,6900000.0,80675000,0.0,36000000,0.0,0.0,36000000,0.0,10175000,25900000,0.0,0.66925,0.66925,38700000,38700000,https://www.sec.gov/Archives/edgar/data/1070154/000114036109028731/0001140361-09-028731-index.html,https://www.sec.gov/Archives/edgar/data/1070154/000114036109028731/form10k.htm
0,2008-09-30,STL,2008-12-15 00:00:00,2008-12-12 17:56:01,FY,116300000,53600000,116300000,1.0,0.0,82700000,0.0,0.0,136300000,0.0,53600000,7199999.999999999,82041000,0.0,33700000,0.0,0.0,33700000,0.0,-2559000.0,23800000,0.0,0.60714,0.60714,39200000,39200000,https://www.sec.gov/Archives/edgar/data/1070154/000119312508252877/0001193125-08-252877-index.html,https://www.sec.gov/Archives/edgar/data/1070154/000119312508252877/d10k.htm
0,2007-09-30,STL,2007-12-13 00:00:00,2007-12-13 13:58:25,FY,104500000,66900000,104500000,1.0,0.0,76400000,0.0,0.0,143300000,0.0,66900000,7600000.0,102700000,0.0,28200000,0.0,0.0,28200000,0.0,8600000.0,19600000,0.0,0.47458,0.47458,41300000,41300000,https://www.sec.gov/Archives/edgar/data/1070154/000119312507264607/0001193125-07-264607-index.html,https://www.sec.gov/Archives/edgar/data/1070154/000119312507264607/d10k.htm
0,2006-09-30,STL,,,FY,102000000,50900000,102000000,1.0,0.0,72500000,0.0,0.0,123400000,0.0,50900000,7300000.0,87700000,0.0,29500000,0.0,0.0,29500000,0.0,9300000.0,20200000,0.0,0.48792,0.48792,41400000,41400000,,
0,2005-09-30,STL,,,FY,103800000,29400000,103800000,1.0,0.0,71400000,0.0,0.0,100800000,0.0,29400000,7100000.0,68900000,0.0,32400000,0.0,0.0,32400000,0.0,11200000,21200000,0.0,0.48513,0.48513,43700000,43700000,,
0,2004-09-30,STL,2004-12-14 00:00:00,2004-12-14 14:38:00,FY,73100000,13000000,73100000,1.0,0.0,56900000,0.0,0.0,69900000,0.0,13000000,4500000.0,33600000,0.0,16200000,0.0,0.0,16200000,0.0,5100000.0,11000000,0.0,0.29412,0.29412,37400000,37400000,https://www.sec.gov/Archives/edgar/data/1070154/000091431704004409/0000914317-04-004409-index.html,https://www.sec.gov/Archives/edgar/data/1070154/000091431704004409/form10k-64543_provident.txt
0,2003-09-30,STL,2003-12-29 00:00:00,2003-12-29 13:52:58,FY,55300000,12100000,55300000,1.0,0.0,37700000,0.0,0.0,49800000,0.0,12100000,2400000.0,32100000,0.0,17600000,0.0,0.0,17600000,0.0,6300000.0,11300000,0.0,0.32565,0.32565,34700000,34700000,https://www.sec.gov/Archives/edgar/data/1070154/000091431703003816/0000914317-03-003816-index.html,https://www.sec.gov/Archives/edgar/data/1070154/000091431703003816/form10k-56206_provident.txt
0,2002-09-30,STL,2002-12-31 00:00:00,2002-12-31 13:37:14,FY,48200000,17200000,48200000,1.0,0.0,33100000,0.0,0.0,50300000,0.0,17200000,2199999.9999999995,34500000,0.0,15100000,0.0,0.0,15100000,0.0,5600000.0,9500000.0,0.0,0.27378,0.27378,34700000,34700000,https://www.sec.gov/Archives/edgar/data/1070154/000091431702001644/0000914317-02-001644-index.html,https://www.sec.gov/Archives/edgar/data/1070154/000091431702001644/form10k-47597_provident.txt
0,2001-09-30,STL,2001-12-31 00:00:00,2001-12-31 00:00:00,FY,39400000,26200000,39400000,1.0,0.0,27800000,0.0,0.0,54000000,0.0,26200000,2100000.0,39900000,0.0,11600000,0.0,0.0,11600000,0.0,4100000.0,7500000.0,0.0,0.2193,0.2193,34200000,34200000,https://www.sec.gov/Archives/edgar/data/1070154/000091431701500555/0000914317-01-500555-index.html,https://www.sec.gov/Archives/edgar/data/1070154/000091431701500555/form10k-42053_122801.txt
0,2000-09-30,STL,2000-12-29 00:00:00,2000-12-29 00:00:00,FY,36300000,26000000,36300000,1.0,0.0,27500000,0.0,0.0,53500000,0.0,26000000,3200000.0,38000000,0.0,8700000.0,0.0,0.0,8700000.0,0.0,2900000.0,5900000.0,0.0,0.17151,0.17151,34400000,34400000,https://www.sec.gov/Archives/edgar/data/1070154/000091431700000856/0000914317-00-000856-index.html,https://www.sec.gov/Archives/edgar/data/1070154/000091431700000856/0000914317-00-000856-0001.txt
0,1999-09-30,STL,1999-12-29 00:00:00,1999-12-29 00:00:00,FY,33800000,21600000,33800000,1.0,0.0,27900000,0.0,0.0,49500000,0.0,21600000,3200000.0,30700000,0.0,5900000.0,0.0,0.0,5900000.0,0.0,2000000.0,3900000.0,0.0,0.10955,0.10955,35600000,35600000,https://www.sec.gov/Archives/edgar/data/1070154/000091431799000755/0000914317-99-000755-index.html,https://www.sec.gov/Archives/edgar/data/1070154/0000914317-99-000755.txt
