,date,symbol,fillingDate,acceptedDate,period,revenue,costOfRevenue,grossProfit,grossProfitRatio,researchAndDevelopmentExpenses,generalAndAdministrativeExpenses,sellingAndMarketingExpenses,otherExpenses,operatingExpenses,costAndExpenses,interestExpense,depreciationAndAmortization,ebitda,ebitdaratio,operatingIncome,operatingIncomeRatio,totalOtherIncomeExpensesNet,incomeBeforeTax,incomeBeforeTaxRatio,incomeTaxExpense,netIncome,netIncomeRatio,eps,epsdiluted,weightedAverageShsOut,weightedAverageShsOutDil,link,finalLink
0,2019-12-31,FBIZ,2020-02-27,2020-02-27 16:12:29,FY,93279000,0.0,93279000,1.0,0.0,68780000,0.0,62149000,100964000,42021000,32184000,3049000.0,59732000,0.394354099863,24499000,0.350707169033,0.0,24499000,0.350707169033,1175000.0,23324000,0.333886852955,2.73904,2.73904,0.0,0.0,https://www.sec.gov/Archives/edgar/data/1521951/000152195120000014/0001521951-20-000014-index.htm,https://www.sec.gov/Archives/edgar/data/1521951/000152195120000014/fbiz10-k20191231.htm
0,2018-12-31,FBIZ,2019-02-28,2019-02-28 16:19:41,FY,85509000,23933000,61576000,0.720111333309944,0.0,67855000,2135000.0,3430000.0,91788000,37439000,23933000,1477000.0,43064000,0.284087196697,17654000,0.262154376169,1270000.0,17654000,0.262154376169,1351000.0,16303000,0.242092601942,1.88688,1.88688,8765053.0,8765053.0,https://www.sec.gov/Archives/edgar/data/1521951/000152195119000019/0001521951-19-000019-index.htm,https://www.sec.gov/Archives/edgar/data/1521951/000152195119000019/fbiz10-k20181231.htm
0,2017-12-31,FBIZ,2018-03-09,2018-03-09 16:11:27,FY,77274000,15202000,62072000,0.8032714755286383,0.0,63043000,0.0,51636000,78245000,31663000,15202000,1562000.0,30995000,0.260571862265,14231000,0.234800112195,0.0,14231000,0.234800112195,2326000.0,11905000,0.196422973486,1.38225,1.38225,8741111.0,8741111.0,https://www.sec.gov/Archives/edgar/data/1521951/000152195118000021/0001521951-18-000021-index.htm,https://www.sec.gov/Archives/edgar/data/1521951/000152195118000021/fbiz10-k20171231.htm
0,2016-12-31,FBIZ,2017-03-10,2017-03-10 16:07:59,FY,81316000,14789000,66527000,0.8181292734517193,0.0,64251000,0.0,49696000,79040000,31545000,14789000,1515000.0,33369000,0.293393127842,17065000,0.269470060637,0.0,17065000,0.269470060637,2156000.0,14909000,0.235425088428,1.73892,1.73892,0.0,0.0,https://www.sec.gov/Archives/edgar/data/1521951/000152195117000027/0001521951-17-000027-index.htm,https://www.sec.gov/Archives/edgar/data/1521951/000152195117000027/fbiz10-k20161231.htm
0,2015-12-31,FBIZ,2016-03-11,2016-03-11 16:12:25,FY,75651000,13831000,61820000,0.8171735998202271,0.0,50760000,2585000.0,0.0,64591000,28543000,13831000,-90000.0,38722000,0.422936562074,24891000,0.424471350614,0.0,24891000,0.424471350614,8377000.0,16514000,0.281616643929,1.93139,1.93139,8691578.0,8691578.0,https://www.sec.gov/Archives/edgar/data/1521951/000152195116000090/0001521951-16-000090-index.htm,https://www.sec.gov/Archives/edgar/data/1521951/000152195116000090/fbiz10-k20151231.htm
0,2014-12-31,FBIZ,2015-03-06,2015-03-06 16:08:22,FY,56233000,11571000,44662000,0.7942311454128359,0.0,35011000,1662000.0,0.0,46582000,21477000,11571000,0.0,32793000,0.500585302406,21222000,0.460047691307,0.0,21222000,0.460047691307,7083000.0,14139000,0.306503360069,1.79049,1.79049,4016761.0,4028205.0,https://www.sec.gov/Archives/edgar/data/1521951/000152195115000018/0001521951-15-000018-index.htm,https://www.sec.gov/Archives/edgar/data/1521951/000152195115000018/fbiz10-k20141231.htm
0,2013-12-31,FBIZ,2014-03-07,2014-03-07 16:43:26,FY,50550000,11710000,38840000,0.7683481701285856,0.0,29410000,1355000.0,0.0,41120000,18278000,11710000,2320000.0,35169000,0.381617385109,21140000,0.326469540435,0.0,21140000,0.3927708604348634,7389000.0,13750000,0.326469540435,1.78571,1.78571,3927428.0,3938681.0,https://www.sec.gov/Archives/edgar/data/1521951/000152195114000015/0001521951-14-000015-index.htm,https://www.sec.gov/Archives/edgar/data/1521951/000152195114000015/fbiz10-k20131231.htm
0,2012-12-31,FBIZ,2013-03-08,2013-03-08 16:34:41,FY,46580000,16890000,29690000,0.637398024903392,0.0,32900000,1224000.0,0.0,49790000,17018000,16890000,3050000.0,33620000,0.441646207861,13680000,0.361025316122,0.0,13680000,0.361025316122,4750000.0,8930000.0,0.235632639054,1.71073,1.71073,2704848.0,2713069.0,https://www.sec.gov/Archives/edgar/data/1521951/000152195113000015/0001521951-13-000015-index.htm,https://www.sec.gov/Archives/edgar/data/1521951/000152195113000015/fbiz10-k20121231.htm
0,2011-12-31,FBIZ,2012-03-09,2012-03-09 16:26:08,FY,42520000,20760000,21760000,0.5117591721542804,0.0,30650000,994000.0,0.0,51410000,994000.0,20760000,2400000.0,35039000,0.21121724745183842,11870000,0.21121724745183842,0.0,11870000,0.21121724745183842,3449000.0,8430000.0,0.14986569898785065,1.67928,1.67928,2608359.0,2608359.0,https://www.sec.gov/Archives/edgar/data/1521951/000119312512107021/0001193125-12-107021-index.htm,https://www.sec.gov/Archives/edgar/data/1521951/000119312512107021/d301332d10k.htm
