,date,symbol,fillingDate,acceptedDate,period,revenue,costOfRevenue,grossProfit,grossProfitRatio,researchAndDevelopmentExpenses,generalAndAdministrativeExpenses,sellingAndMarketingExpenses,otherExpenses,operatingExpenses,costAndExpenses,interestExpense,depreciationAndAmortization,ebitda,ebitdaratio,operatingIncome,operatingIncomeRatio,totalOtherIncomeExpensesNet,incomeBeforeTax,incomeBeforeTaxRatio,incomeTaxExpense,netIncome,netIncomeRatio,eps,epsdiluted,weightedAverageShsOut,weightedAverageShsOutDil,link,finalLink
0,2019-12-31,HMN,2020-03-02,2020-02-28 20:19:03,FY,912081000,0.0,912081000,1.0,0.0,0.0,0.0,447395000,1179839000,1179839000,15577000,15629000,267655000,0.293455,252026000,0.27632,14127000,236449000,0.259241,52006000,184443000,0.202222,4.39684,4.39684,41737876000,41948531000,https://www.sec.gov/Archives/edgar/data/850141/000162828020002596/0001628280-20-002596-index.htm,https://www.sec.gov/Archives/edgar/data/850141/000162828020002596/a201910k.htm
0,2018-12-31,HMN,2019-03-01,2019-03-01 14:25:30,FY,827635000,0.0,827635000,1.0,0.0,0.0,0.0,411612000,1160591000,1160591000,13001000,0.0,32538000,0.039314,32538000,0.039314,10302000,19537000,0.023606,1194000.0,18343000,0.022163,0.43784,0.43784,41570492000,41894232000,https://www.sec.gov/Archives/edgar/data/850141/000162828019002351/0001628280-19-002351-index.htm,https://www.sec.gov/Archives/edgar/data/850141/000162828019002351/a201810k.htm
0,2017-12-31,HMN,2018-03-01,2018-02-28 21:39:43,FY,801326000,0.0,801326000,1.0,0.0,0.0,0.0,386424000,1083535000,1083535000,11948000,0.0,199635000,0.249131,100635000,0.125586,6623000.0,88687000,0.110675,18228000,169459000,0.211473,4.07696,4.07696,41364546000,41564979000,https://www.sec.gov/Archives/edgar/data/850141/000162828018002567/0001628280-18-002567-index.htm,https://www.sec.gov/Archives/edgar/data/850141/000162828018002567/a201710k.htm
0,2016-12-31,HMN,2017-03-01,2017-03-01 15:49:33,FY,763601000,0.0,763601000,1.0,0.0,0.0,0.0,365134000,1013981000,1013981000,11808000,0.0,126040000,0.16506,126040000,0.16506,4455000.0,114232000,0.149596,30467000,83765000,0.109697,2.01963,2.01963,41158349000,41475516000,https://www.sec.gov/Archives/edgar/data/850141/000114420417012103/0001144204-17-012103-index.htm,https://www.sec.gov/Archives/edgar/data/850141/000114420417012103/v456891_10k.htm
0,2015-12-31,HMN,2016-02-29,2016-02-29 17:50:48,FY,735135000,0.0,735135000,1.0,0.0,0.0,0.0,340253000,957370000,957370000,13122000,0.0,142574000,0.193943,142574000,0.193943,3255000.0,129452000,0.176093,35970000,93482000,0.127163,2.20347,2.20347,41914864000,42424806000,https://www.sec.gov/Archives/edgar/data/850141/000114420416085045/0001144204-16-085045-index.htm,https://www.sec.gov/Archives/edgar/data/850141/000114420416085045/v428642_10k.htm
0,2014-12-31,HMN,2015-03-02,2015-03-02 16:55:59,FY,720000000,0.0,720000000,1.0,0.0,0.0,0.0,338100000,906800000,906800000,14198000,0.0,160298000,0.222636,160300000,0.222639,4193000.0,146100000,0.202917,41900000,104200000,0.144722,2.46919,2.46919,41646281000,42230559000,https://www.sec.gov/Archives/edgar/data/850141/000114420415013348/0001144204-15-013348-index.htm,https://www.sec.gov/Archives/edgar/data/850141/000114420415013348/v398473_10k.htm
0,2013-12-31,HMN,2014-03-03,2014-03-03 16:45:22,FY,695400000,0.0,695400000,1.0,0.0,0.0,0.0,330000000,864500000,864500000,14236000,0.0,168336000,0.242071,168300000,0.242019,4474000.0,154100000,0.221599,43200000,110900000,0.159477,2.66587,2.66587,40376562000,41633240000,https://www.sec.gov/Archives/edgar/data/850141/000114420414012939/0001144204-14-012939-index.htm,https://www.sec.gov/Archives/edgar/data/850141/000114420414012939/v365761_10k.htm
0,2012-12-31,HMN,2013-02-28,2013-02-28 16:59:41,FY,677500000,0.0,677500000,1.0,0.0,0.0,0.0,319600000,820100000,820100000,14249000,0.0,163449000,0.241253,163400000,0.241181,6986000.0,149200000,0.220221,45300000,103900000,0.153358,2.50966,2.50966,39513540000,41388368000,https://www.sec.gov/Archives/edgar/data/850141/000119312513084660/0001193125-13-084660-index.htm,https://www.sec.gov/Archives/edgar/data/850141/000119312513084660/d444107d10k.htm
0,2011-12-31,HMN,2012-02-29,2012-02-29 17:21:28,FY,672300000,0.0,672300000,1.0,0.0,0.0,0.0,294800000,851800000,851800000,14007000,0.0,108907000,0.161992,108900000,0.161981,5208000.0,94900000,0.141157,24400000,70500000,0.104864,1.7029,1.7029,39865815000,41436512000,https://www.sec.gov/Archives/edgar/data/850141/000119312512089669/0001193125-12-089669-index.htm,https://www.sec.gov/Archives/edgar/data/850141/000119312512089669/d269690d10k.htm
0,2010-12-31,HMN,2011-02-28,2011-02-28 17:21:39,FY,678900000,0.0,678900000,1.0,0.0,0.0,0.0,289600000,825700000,825700000,-13953000,0.0,97347000,0.143389,125200000,0.184416,6213000.0,111300000,0.163942,30400000,80900000,0.119163,1.97317,1.97317,39349656000,41013163000,https://www.sec.gov/Archives/edgar/data/850141/000119312511050226/0001193125-11-050226-index.htm,https://www.sec.gov/Archives/edgar/data/850141/000119312511050226/d10k.htm
0,2009-12-31,HMN,2010-03-01,2010-03-01 14:21:47,FY,664300000,0.0,664300000,1.0,0.0,0.0,0.0,280700000,793600000,793600000,-13971000,0.0,89529000,0.134772,117500000,0.176878,4693000.0,103500000,0.155803,30000000,73500000,0.110643,1.81481,1.81481,39175258000,40532174000,https://www.sec.gov/Archives/edgar/data/850141/000119312510044470/0001193125-10-044470-index.htm,https://www.sec.gov/Archives/edgar/data/850141/000119312510044470/d10k.htm
0,2008-12-31,HMN,2009-03-02,2009-03-02 13:44:40,FY,668400000,0.0,668400000,1.0,0.0,0.0,0.0,264200000,884000000,884000000,-14455000,0.0,-14255000,-0.021327,14600000,0.021843,9876000.0,200000.0,0.000299,-10700000,10900000,0.016308,0.26847,0.26847,39819548000,40588575000,https://www.sec.gov/Archives/edgar/data/850141/000119312509042231/0001193125-09-042231-index.htm,https://www.sec.gov/Archives/edgar/data/850141/000119312509042231/d10k.htm
0,2007-12-31,HMN,2008-02-28,2008-02-28 16:22:46,FY,666700000,0.0,666700000,1.0,0.0,0.0,0.0,266300000,759300000,759300000,-14060000,0.0,103040000,0.154552,131100000,0.19664,12404000,117100000,0.175641,34300000,82800000,0.124194,1.8565,1.8565,43145163000,44610496000,https://www.sec.gov/Archives/edgar/data/850141/000119312508041796/0001193125-08-041796-index.htm,https://www.sec.gov/Archives/edgar/data/850141/000119312508041796/d10k.htm
0,2006-12-31,HMN,2007-03-01,2007-03-01 12:29:26,FY,653900000,0.0,653900000,1.0,0.0,0.0,0.0,251600000,709500000,709500000,-13143000,0.0,127157000,0.194459,153400000,0.234592,-6531000.0,140300000,0.214559,41600000,98700000,0.150941,2.15502,2.15502,43011980000,45773167000,https://www.sec.gov/Archives/edgar/data/850141/000119312507043888/0001193125-07-043888-index.htm,https://www.sec.gov/Archives/edgar/data/850141/000119312507043888/d10k.htm
0,2005-12-31,HMN,2006-03-16,2006-03-16 12:49:16,FY,664900000,0.0,664900000,1.0,0.0,0.0,0.0,247200000,756600000,756600000,-8881000.0,0.0,85219000,0.128168,102900000,0.15476,-56735000,94000000,0.141375,16800000,77300000,0.116258,1.61378,1.61378,42912630000,47884739000,https://www.sec.gov/Archives/edgar/data/850141/000119312506056252/0001193125-06-056252-index.htm,https://www.sec.gov/Archives/edgar/data/850141/000119312506056252/d10k.htm
0,2004-12-31,HMN,2005-03-31,2005-03-31 17:14:00,FY,674700000,0.0,674700000,1.0,0.0,0.0,0.0,241400000,789600000,789600000,-6819000.0,0.0,62881000,0.093198,76600000,0.113532,0.0,69800000,0.103453,13400000,56300000,0.083444,1.19027,1.19027,42762348000,47346636000,https://www.sec.gov/Archives/edgar/data/850141/000119312505067256/0001193125-05-067256-index.htm,https://www.sec.gov/Archives/edgar/data/850141/000119312505067256/d10k.htm
0,2003-12-31,HMN,,,FY,643500000,0.0,0.0,0.0,0.0,0.0,0.0,240300000,802700000,802700000,-6300000.0,0.0,12900000,0.020047,25500000,0.039627,0.0,19200000,0.029837,200000.0,19000000,0.029526,0.44289,0.44289,42900000,42900000,,
0,2002-12-31,HMN,,,FY,625200000,0.0,0.0,0.0,0.0,0.0,0.0,229700000,805100000,805100000,-8500000.0,0.0,-900000.0,-0.00144,16200000,0.025912,0.0,7700000.0,0.012316,-3700000.0,11300000,0.018074,0.27427,0.27427,41200000,41200000,,
0,2001-12-31,HMN,,,FY,615200000,0.0,0.0,0.0,0.0,0.0,0.0,220200000,776900000,776900000,-9300000.0,0.0,19100000,0.031047,37600000,0.061118,0.0,28300000,0.046001,2800000.0,25600000,0.041612,0.62592,0.62592,40900000,40900000,,
0,2000-12-31,HMN,,,FY,598700000,0.0,0.0,0.0,0.0,0.0,0.0,220500000,771200000,771200000,-10200000,0.0,-500000.0,-0.000835,19900000,0.033239,0.0,9700000.0,0.016202,-11100000,20800000,0.034742,0.50732,0.50732,41000000,41000000,,
0,1999-12-31,HMN,,,FY,595100000,0.0,0.0,0.0,0.0,0.0,0.0,201300000,680300000,680300000,-9700000.0,0.0,83600000,0.140481,103100000,0.173248,0.0,93400000,0.156948,48800000,44500000,0.074777,1.06715,1.06715,41700000,41700000,,
0,1998-12-31,HMN,,,FY,577800000,0.0,0.0,0.0,0.0,0.0,0.0,204400000,643300000,643300000,-9500000.0,0.0,107300000,0.185704,126300000,0.218588,0.0,116800000,0.202146,31500000,85300000,0.147629,1.94749,1.94749,43800000,43800000,,
0,1997-12-31,HMN,1998-03-30 00:00:00,1998-03-30 00:00:00,FY,542700000,0.0,0.0,0.0,0.0,0.0,0.0,203600000,612600000,612600000,-9400000.0,0.0,106800000,0.196794,129100000,0.237885,0.0,119600000,0.22038,32600000,83600000,0.154045,1.79785,1.79785,46500000,46500000,https://www.sec.gov/Archives/edgar/data/850141/000104746998012416/0001047469-98-012416-index.html,https://www.sec.gov/Archives/edgar/data/850141/0001047469-98-012416.txt
0,1996-12-31,HMN,,,FY,502700000,0.0,0.0,0.0,0.0,0.0,0.0,192300000,590200000,590200000,-10500000,0.0,80900000,0.160931,111100000,0.221007,0.0,100600000,0.200119,26800000,64600000,0.128506,1.35714,1.35714,47600000,47600000,,
