,date,symbol,fillingDate,acceptedDate,period,revenue,costOfRevenue,grossProfit,grossProfitRatio,researchAndDevelopmentExpenses,generalAndAdministrativeExpenses,sellingAndMarketingExpenses,otherExpenses,operatingExpenses,costAndExpenses,interestExpense,depreciationAndAmortization,ebitda,ebitdaratio,operatingIncome,operatingIncomeRatio,totalOtherIncomeExpensesNet,incomeBeforeTax,incomeBeforeTaxRatio,incomeTaxExpense,netIncome,netIncomeRatio,eps,epsdiluted,weightedAverageShsOut,weightedAverageShsOutDil,link,finalLink
0,2017-12-31,ACFC,2018-03-16 00:00:00,2018-03-16 14:02:55,FY,26994000,0.0,26994000,1.0,0.0,13867000,0.0,0.0,13867000,13867000,7378000.0,3000.0,7730000.0,0.286359931837,7727000.0,0.286248796029,0.0,7727000.0,0.286248796029,4559000.0,3168000.0,0.117359413203,0.20538,0.20538,15548168,15425166,https://www.sec.gov/Archives/edgar/data/1404296/000114420418015207/0001144204-18-015207-index.html,https://www.sec.gov/Archives/edgar/data/1404296/000114420418015207/tv487306_10k.htm
0,2016-12-31,ACFC,2017-03-14 00:00:00,2017-03-14 16:22:50,FY,26472000,0.0,26472000,1.0,0.0,13703000,0.0,0.0,13703000,13703000,7417000.0,1481000.0,11531000,0.435592323965,10050000,0.379646418858,0.0,10050000,0.379646418858,3632000.0,6418000.0,0.242444847386,0.41628,0.41628,15508933,15417346,https://www.sec.gov/Archives/edgar/data/1404296/000114420417014505/0001144204-17-014505-index.html,https://www.sec.gov/Archives/edgar/data/1404296/000114420417014505/v460804_10k.htm
0,2015-12-31,ACFC,2016-03-16 00:00:00,2016-03-16 16:28:08,FY,21110000,0.0,21110000,1.0,0.0,12457000,0.0,0.0,12457000,12457000,8686000.0,2418000.0,629000.0,0.0297963050687,-1789000.0,-0.0847465656087,0.0,-1789000.0,-0.0847465656087,-9507000.0,7718000.0,0.365608716248,0.50122,0.50122,15508969,15398287,https://www.sec.gov/Archives/edgar/data/1404296/000114420416088490/0001144204-16-088490-index.html,https://www.sec.gov/Archives/edgar/data/1404296/000114420416088490/v433453_10k.htm
0,2014-12-31,ACFC,2015-03-20,2015-03-20 17:29:59,FY,17623000,0.0,17623000,1.0,0.0,10582000,0.0,0.0,10582000,10582000,10512000,1796000.0,3123000.0,0.177211598479,1327000.0,0.0752993247461,0.0,1327000.0,0.0752993247461,0.0,1327000.0,0.0752993247461,0.08621,0.08621,15508969,15391915,https://www.sec.gov/Archives/edgar/data/1404296/000114420415017576/0001144204-15-017576-index.htm,https://www.sec.gov/Archives/edgar/data/1404296/000114420415017576/v403501_10k.htm
0,2013-12-31,ACFC,2014-03-14,2014-03-14 16:53:54,FY,16141000,0.0,16141000,1.0,0.0,8382000.0,0.0,0.0,8382000.0,8382000.0,12695000,638000.0,-10768000,-0.667120996221,-11406000,-0.706647667431,0.0,-8245000.0,-0.510810978254,0.0,-11406000,-0.706647667431,-0.00323,-0.00323,3652311000,3528093000,https://www.sec.gov/Archives/edgar/data/1404296/000114420414015809/0001144204-14-015809-index.htm,https://www.sec.gov/Archives/edgar/data/1404296/000114420414015809/v369099_10k.htm
0,2012-12-31,ACFC,2013-04-01,2013-04-01 17:25:55,FY,21525000,0.0,21525000,1.0,0.0,12078000,0.0,0.0,12078000,12078000,16756000,278000.0,-10433000,-0.484692218351,-10711000,-0.497607433217,0.0,-10711000,-0.497607433217,-424000.0,-10287000,-0.477909407666,-3.91289,-3.91289,2629001.0,2629001.0,https://www.sec.gov/Archives/edgar/data/1404296/000114420413019347/0001144204-13-019347-index.htm,https://www.sec.gov/Archives/edgar/data/1404296/000114420413019347/v336943_10k.htm
0,2011-12-31,ACFC,2012-03-28 00:00:00,2012-03-28 16:12:02,FY,21525000,0.0,21525000,1.0,0.0,11256000,0.0,0.0,11256000,11256000,16756000,741421000,730710000,33.9470383275,-10711000,-0.497607433217,0.0,-10711000,-0.497607433217,-424000.0,-10287000,-0.477909407666,-4.13,-4.13,0.0,0.0,https://www.sec.gov/Archives/edgar/data/1404296/000114420412017707/0001144204-12-017707-index.html,https://www.sec.gov/Archives/edgar/data/1404296/000114420412017707/v304356_10k.htm
