,date,symbol,fillingDate,acceptedDate,period,revenue,costOfRevenue,grossProfit,grossProfitRatio,researchAndDevelopmentExpenses,generalAndAdministrativeExpenses,sellingAndMarketingExpenses,otherExpenses,operatingExpenses,costAndExpenses,interestExpense,depreciationAndAmortization,ebitda,ebitdaratio,operatingIncome,operatingIncomeRatio,totalOtherIncomeExpensesNet,incomeBeforeTax,incomeBeforeTaxRatio,incomeTaxExpense,netIncome,netIncomeRatio,eps,epsdiluted,weightedAverageShsOut,weightedAverageShsOutDil,link,finalLink
0,2019-12-31,FIBK,2020-02-27,2020-02-26 17:41:49,FY,644900000,0.0,644900000,1.0,0.0,409800000,0.0,66000000,468800000,166500000,59000000,38700000,332800000,12.5545023697,235100000,11.1421800948,15000000,235100000,11.1421800948,54100000,181000000,8.57819905213,2.83322,2.83322,63732394,63732394,https://www.sec.gov/Archives/edgar/data/860413/000086041320000054/0000860413-20-000054-index.htm,https://www.sec.gov/Archives/edgar/data/860413/000086041320000054/fibk-20191231x10k.htm
0,2018-12-31,FIBK,2019-02-27,2019-02-27 15:11:48,FY,575800000,40900000,534900000,0.9289683918027093,0.0,369500000,0.0,63000000,410400000,146400000,40900000,27600000,274800000,0.517687861272,206300000,0.476994219653,15000000,206300000,0.476994219653,46100000,160200000,0.370404624277,2.75177,2.75177,57761732,57761732,https://www.sec.gov/Archives/edgar/data/860413/000086041319000026/0000860413-19-000026-index.htm,https://www.sec.gov/Archives/edgar/data/860413/000086041319000026/fibk-20181231x10k.htm
0,2017-12-31,FIBK,2018-02-28,2018-02-28 17:19:16,FY,491596000,27934000,463662000,0.9431769176315511,0.0,334874000,0.0,57087000000,362808000,128189000,27934000,18432000,203088000,0.467461118273,156722000,0.44797809303,14262000000,156722000,0.44797809303,50201000,106521000,0.304482296344,2.0523,2.0523,51459420289,51459420289,https://www.sec.gov/Archives/edgar/data/860413/000086041318000029/0000860413-18-000029-index.htm,https://www.sec.gov/Archives/edgar/data/860413/000086041318000029/fibk-20171231x10k.htm
0,2016-12-31,FIBK,2017-03-02,2017-03-01 20:09:14,FY,412111000,17661000,394450000,0.9571450410205018,0.0,266852000,0.0,50625000,284513000,112111000,17661000,19480000,182400000,0.544095937662,145259000,0.519217915036,10028000,145259000,0.519217915036,49623000,95636000,0.341844047683,2.12948,2.12948,44481860,44481860,https://www.sec.gov/Archives/edgar/data/860413/000086041317000009/0000860413-17-000009-index.htm,https://www.sec.gov/Archives/edgar/data/860413/000086041317000009/fibk-20161231x10k.htm
0,2015-12-31,FIBK,2016-03-01,2016-02-29 19:06:39,FY,385878000,18060000,367818000,0.9531976427782874,0.0,255421000,0.0,50936000,273481000,104839000,18060000,18313000,166830000,0.50646270469,130457000,0.493476772468,10727000,130457000,0.493476772468,43662000,86795000,0.328317502828,1.90146,1.90146,45205729,45205729,https://www.sec.gov/Archives/edgar/data/860413/000086041316000032/0000860413-16-000032-index.htm,https://www.sec.gov/Archives/edgar/data/860413/000086041316000032/fibk-20151231x10k.htm
0,2014-12-31,FIBK,2015-03-02,2015-02-27 18:13:43,FY,359900000,18600000,341300000,0.9483189774937483,0.0,230300000,0.0,47480000,248900000,98764000,18600000,16855000,165069000,0.53038505037,129600000,0.521671409195,11095000,129600000,0.521671409195,45214000,84400000,0.339695163426,1.86726,1.86726,44656613,44656613,https://www.sec.gov/Archives/edgar/data/860413/000086041315000007/0000860413-15-000007-index.htm,https://www.sec.gov/Archives/edgar/data/860413/000086041315000007/fibk-20141231x10k.htm
0,2013-12-31,FIBK,2014-02-28,2014-02-28 17:17:51,FY,348700000,20700000,328000000,0.9406366504158302,0.0,216000000,0.0,43332000,236700000,95420000,20700000,16200000,169566000,0.566711820633,132700000,0.560002025599,7525000.0,132700000,0.560002025599,46566000,86100000,0.363493651015,1.95682,1.95682,43503030,43503030,https://www.sec.gov/Archives/edgar/data/860413/000086041314000004/0000860413-14-000004-index.htm,https://www.sec.gov/Archives/edgar/data/860413/000086041314000004/fibk-20131231x10k.htm
0,2012-12-31,FIBK,2013-03-01,2013-02-28 19:06:05,FY,358700000,30100000,328600000,0.9160858656258712,0.0,270400000,0.0,48922000,300500000,91253000,30100000,17100000,135438000,0.384246839441,88300000,0.362047041257,6771000.0,88300000,0.362047041257,30038000,58200000,0.238832418597,1.35035,1.35035,45487500,45487500,https://www.sec.gov/Archives/edgar/data/860413/000086041313000003/0000860413-13-000003-index.htm,https://www.sec.gov/Archives/edgar/data/860413/000086041313000003/fibk-20121231x10k.htm
0,2011-12-31,FIBK,2012-02-28,2012-02-27 19:07:15,FY,342800000,42000000,300800000,0.8774795799299884,0.0,276600000,0.0,47411000,318600000,111352000,42000000,17400000,125515000,0.291709852822,66200000,0.263745156507,6682000.0,66200000,0.263745156507,21615000,44500000,0.177578811411,1.03972,1.03972,46402083,46402083,https://www.sec.gov/Archives/edgar/data/860413/000086041312000009/0000860413-12-000009-index.htm,https://www.sec.gov/Archives/edgar/data/860413/000086041312000009/fibk-20111231x10k.htm
0,2010-12-31,FIBK,2011-02-28,2011-02-28 15:46:32,FY,342300000,63100000,279200000,0.8156587788489629,0.0,287900000,0.0,45885000,351000000,0.0,63100000,20100000,137690000,4.412932913538387,54400000,4.3954145475094855,7811000.0,54400000,4.3954145475094855,17090000,37400000,3.0157423104868006,0.93267,0.93267,43948235,43948235,https://www.sec.gov/Archives/edgar/data/860413/000095012311019722/0000950123-11-019722-index.htm,https://www.sec.gov/Archives/edgar/data/860413/000095012311019722/c63294e10vk.htm
0,2009-12-31,FIBK,2010-02-19,2010-02-19 16:49:19,FY,301900000,84900000,217000000,0.7187810533289168,0.0,263000000,0.0,44269000,347900000,0.0,84900000,22300000,146053000,7.490712503465484,38800000,7.468440994362813,9734000.0,38800000,7.468440994362813,26953000,11900000,4.977636077996488,1.50633,1.50633,8363819.0,8363819.0,https://www.sec.gov/Archives/edgar/data/860413/000095012310014586/0000950123-10-014586-index.htm,https://www.sec.gov/Archives/edgar/data/860413/000095012310014586/c56446e10vk.htm
0,2008-12-31,FIBK,2009-03-23,2009-03-23 13:44:02,FY,363800000,120500000,243300000,0.6687740516767454,0.0,255700000,0.0,50788000,376200000,0.0,120500000,23500000,252029000,6.116616758008927,108100000,6.106390191536245,9939000.0,108100000,6.106390191536245,37429000,70600000,3.9916379456466466,8.825,8.825,8262923.0,8262923.0,https://www.sec.gov/Archives/edgar/data/860413/000095013709002118/0000950137-09-002118-index.htm,https://www.sec.gov/Archives/edgar/data/860413/000095013709002118/c50120e10vk.htm
0,2007-12-31,FIBK,2008-03-17,2008-03-17 17:28:48,FY,292000000,126000000,166000000,0.5684931506849316,0.0,186700000,0.0,36992000,312700000,0.0,126000000,18700000,250093000,5.537788259958071,105400000,5.525890985324947,8322000.0,105400000,5.525890985324947,36793000,68600000,3.597536687631027,8.26506,8.26506,8123195.0,8123195.0,https://www.sec.gov/Archives/edgar/data/860413/000095013708003802/0000950137-08-003802-index.htm,https://www.sec.gov/Archives/edgar/data/860413/000095013708003802/c24893e10vk.htm
0,2006-12-31,FIBK,2007-03-14,2007-03-14 16:48:18,FY,289600000,106000000,183600000,0.6339779005524862,0.0,172500000,0.0,32812000,278500000,0.0,106000000,18100000,241199000,7.406311139160619,117100000,7.390848848217103,6921000.0,117100000,7.390848848217103,41499000,75600000,4.771789207952035,9.10843,9.10843,8112553.0,8112553.0,https://www.sec.gov/Archives/edgar/data/860413/000095013707003774/0000950137-07-003774-index.htm,https://www.sec.gov/Archives/edgar/data/860413/000095013707003774/c13289e10vk.htm
0,2005-12-31,FIBK,2006-03-14,2006-03-14 12:47:13,FY,233857000,0.0,233857000,1.0,0.0,0.0,0.0,32799000,0.0,0.0,-63549000,242000.0,84267000,0.3603355896979778,84025000,0.3593007692735304,5829000.0,84025000,0.3593007692735304,29310000,54715000,0.2339677666266137,6.84,6.84,7999269.0,7999269.0,https://www.sec.gov/Archives/edgar/data/860413/000095013406004992/0000950134-06-004992-index.htm,https://www.sec.gov/Archives/edgar/data/860413/000095013406004992/c03268e10vk.htm
0,2004-12-31,FIBK,2005-02-24,2005-02-24 17:22:45,FY,192840000,0.0,192840000,1.0,0.0,0.0,0.0,31394000,0.0,0.0,-42421000,205000.0,69555000,0.36068761667703797,69350000,0.3596245592200788,6636000.0,69350000,0.3596245592200788,23929000,45421000,0.23553723293922424,5.74,5.74,7913066.0,7913066.0,https://www.sec.gov/Archives/edgar/data/860413/000095013405003721/0000950134-05-003721-index.htm,https://www.sec.gov/Archives/edgar/data/860413/000095013405003721/c92506e10vk.htm
0,2003-12-31,FIBK,2004-02-19,2004-02-19 14:11:51,FY,189258000,0.0,189258000,1.0,0.0,0.0,0.0,-93000.0,0.0,0.0,-48614000,10785000,73804000,0.38996502129368377,63019000,0.33297931923617496,-93000.0,63019000,0.33297931923617496,22267000,40752000,0.21532511175221128,5.18,5.18,7867181.0,7867181.0,https://www.sec.gov/Archives/edgar/data/860413/000095013404002284/0000950134-04-002284-index.htm,https://www.sec.gov/Archives/edgar/data/860413/000095013404002284/c83081e10vk.htm
0,2002-12-31,FIBK,2003-03-19,2003-03-19 17:24:32,FY,60901000,0.0,60901000,1.0,0.0,0.0,0.0,179000.0,0.0,0.0,-65459000,10364000,64105000,1.0526099735636525,53741000,0.8824321439713634,179000.0,53741000,0.8824321439713634,19247000,34494000,0.5663946404820939,4.41,4.41,7821768.0,7821768.0,https://www.sec.gov/Archives/edgar/data/860413/000095013403004184/0000950134-03-004184-index.htm,https://www.sec.gov/Archives/edgar/data/860413/000095013403004184/c75527e10vk.htm
