,date,symbol,fillingDate,acceptedDate,period,revenue,costOfRevenue,grossProfit,grossProfitRatio,researchAndDevelopmentExpenses,generalAndAdministrativeExpenses,sellingAndMarketingExpenses,otherExpenses,operatingExpenses,costAndExpenses,interestExpense,depreciationAndAmortization,ebitda,ebitdaratio,operatingIncome,operatingIncomeRatio,totalOtherIncomeExpensesNet,incomeBeforeTax,incomeBeforeTaxRatio,incomeTaxExpense,netIncome,netIncomeRatio,eps,epsdiluted,weightedAverageShsOut,weightedAverageShsOutDil,link,finalLink
0,2019-12-31,HOPE,2020-02-26 00:00:00,2020-02-26 16:25:35,FY,516278000,0.0,516278000,1.0,0.0,289928000,0.0,0.0,508119000,171954000,218191000,0.0,444541000,0.491006118797,226350000,0.485110213354,0.0,226350000,0.485110213354,55310000,171040000,0.366570580482,1.3481,1.3481,126875320,126875320,https://www.sec.gov/Archives/edgar/data/1128361/000112836120000007/0001128361-20-000007-index.html,https://www.sec.gov/Archives/edgar/data/1128361/000112836120000007/hope-12x31x201910xk.htm
0,2018-12-31,HOPE,2019-03-01 00:00:00,2019-03-01 09:17:34,FY,548107000,162245000,548107000,1.0,0.0,292626000,0.0,0.0,454871000,167755000,162245000,0.0,417726000,0.51924365735,255481000,0.523604965497,0.0,255481000,0.523604965497,65892000,189589000,0.38856017396,1.43678,1.43678,131954190,131954190,https://www.sec.gov/Archives/edgar/data/1128361/000112836119000006/0001128361-19-000006-index.html,https://www.sec.gov/Archives/edgar/data/1128361/000112836119000006/hope-12x31x201810xk.htm
0,2017-12-31,HOPE,2018-03-01 00:00:00,2018-03-01 16:02:28,FY,547795000,90724000,547795000,1.0,0.0,283961000,0.0,0.0,374685000,156848000,90724000,0.0,354558000,0.517119531347,263834000,0.548078441148,0.0,263834000,0.548078441148,124389000,139445000,0.289677593585,1.02771,1.02771,135684970,135684970,https://www.sec.gov/Archives/edgar/data/1128361/000112836118000006/0001128361-18-000006-index.html,https://www.sec.gov/Archives/edgar/data/1128361/000112836118000006/hope-12x31x1710xk.htm
0,2016-12-31,HOPE,2017-05-18,2017-05-17 21:50:49,FY,415174000,58579000,415174000,1.0,0.0,223975000,0.0,0.0,282554000,119347000,58579000,0.0,249778000,0.521886309532,191199000,0.526204400655,0.0,191199000,0.526204400655,77452000,113747000,0.313046469706,1.09868,1.09868,103530320,103530320,https://www.sec.gov/Archives/edgar/data/1128361/000112836117000023/hope-12x31x1610xk.htm,https://www.sec.gov/Archives/edgar/data/1128361/000112836117000023/hope-12x31x1610xk.htm
0,2015-12-31,HOPE,2016-03-04 00:00:00,2016-03-03 18:53:49,FY,316733000,40618000,316733000,1.0,0.0,161384000,0.0,0.0,202002000,94078000,40618000,0.0,195967000,0.552365570132,155349000,0.568956424286,0.0,155349000,0.568956424286,63091000,92258000,0.337889408955,1.15975,1.15975,79549650,79549650,https://www.sec.gov/Archives/edgar/data/1128361/000112836116000051/0001128361-16-000051-index.html,https://www.sec.gov/Archives/edgar/data/1128361/000112836116000051/bbcn-12311510k.htm
0,2014-12-31,HOPE,2015-03-02,2015-03-02 16:49:01,FY,310800000,36100000,310800000,1.0,0.0,164200000,0.0,0.0,200300000,84597000,36100000,0.0,182607000,0.500335712705,146500000,0.549601083283,0.0,146500000,0.549601083283,57907000,88600000,0.332393087694,1.11307,1.11307,79600000,79600000,https://www.sec.gov/Archives/edgar/data/1128361/000162828015001373/bbcn-12311410k.htm,https://www.sec.gov/Archives/edgar/data/1128361/000162828015001373/bbcn-12311410k.htm
0,2013-12-31,HOPE,2014-03-03,2014-03-03 16:37:42,FY,295800000,30000000,295800000,1.0,0.0,161600000,0.0,0.0,191600000,74400000,30000000,0.0,164199000,0.477050443579,134200000,0.530137717097,0.0,134200000,0.530137717097,52399000,81800000,0.323072059434,1.03153,1.03153,79300000,79300000,https://www.sec.gov/Archives/edgar/data/1128361/000112836114000002/bbcn-12311310k.htm,https://www.sec.gov/Archives/edgar/data/1128361/000112836114000002/bbcn-12311310k.htm
0,2012-12-31,HOPE,2013-03-01 00:00:00,2013-03-01 12:16:13,FY,277600000,29600000,277600000,1.0,0.0,140000000,0.0,0.0,169600000,62855000,29600000,-21400000,145810000,0.259656310076,137600000,0.349327143445,0.0,137600000,0.334044107153,54410000,83200000,0.349327143445,1.0653,1.0653,78100000,78100000,https://www.sec.gov/Archives/edgar/data/1128361/000144530513000415/0001445305-13-000415-index.html,https://www.sec.gov/Archives/edgar/data/1128361/000144530513000415/bbcn-12311210k.htm
0,2011-12-31,HOPE,2012-03-13 00:00:00,2012-03-13 17:08:09,FY,152900000,32100000,152900000,1.0,0.0,110100000,0.0,0.0,142200000,35542000,32100000,8700000.0,83560000,0.396416521592,42800000,0.329499761204,0.0,42800000,0.329499761204,15660000,27100000,0.208869340153,0.64218,0.64218,42200000,42200000,https://www.sec.gov/Archives/edgar/data/1128361/000119312512112274/0001193125-12-112274-index.html,https://www.sec.gov/Archives/edgar/data/1128361/000119312512112274/d264576d10k.htm
0,2010-12-31,HOPE,2011-02-18,2011-02-18 17:26:44,FY,132900000,42100000,132900000,1.0,0.0,148000000,0.0,0.0,190100000,1000.0,42100000,11000000,38000000,0.0,-15100000,0.0,0.0,-15100000,0.0,-7900000.0,-7200000.0,0.0,-0.18997,-0.18997,37900000,37900000,https://www.sec.gov/Archives/edgar/data/1128361/000119312511040498/d10k.htm,https://www.sec.gov/Archives/edgar/data/1128361/000119312511040498/d10k.htm
0,2009-12-31,HOPE,2010-03-15 00:00:00,2010-03-15 13:37:22,FY,110800000,65700000,110800000,1.0,0.0,122700000,0.0,0.0,188400000,2000.0,65700000,5000000.0,58801000,-0.005357352663798548,-11900000,-0.0053668060211584144,0.0,-11900000,-0.0053668060211584144,-6199000.0,-5700000.0,-0.002576264960500722,-0.2007,-0.2007,28400000,28400000,https://www.sec.gov/Archives/edgar/data/1128361/000119312510056780/0001193125-10-056780-index.html,https://www.sec.gov/Archives/edgar/data/1128361/000119312510056780/d10k.htm
0,2008-12-31,HOPE,2009-03-04 00:00:00,2009-03-04 14:23:39,FY,110200000,70700000,110200000,1.0,0.0,105800000,0.0,0.0,176500000,3000.0,70700000,2800000.0,77925000,0.002161602673982567,4400000.0,0.0020872618412794627,0.0,4400000.0,0.0020872618412794627,1625000.0,2800000.0,0.0013128781672887945,0.10606,0.10606,26400000,26400000,https://www.sec.gov/Archives/edgar/data/1128361/000119312509044698/0001193125-09-044698-index.html,https://www.sec.gov/Archives/edgar/data/1128361/000119312509044698/d10k.htm
0,2007-12-31,HOPE,2008-03-14,2008-03-14 16:11:06,FY,119800000,78600000,119800000,1.0,0.0,64000000,0.0,0.0,142600000,4000.0,78600000,3100000.0,137499000,0.0,55800000,0.0,0.0,55800000,0.0,22599000,33200000,0.0,1.25283,1.25283,26500000,26500000,https://www.sec.gov/Archives/edgar/data/1128361/000119312508057394/d10k.htm,https://www.sec.gov/Archives/edgar/data/1128361/000119312508057394/d10k.htm
0,2006-12-31,HOPE,2007-03-15,2007-03-14 21:09:31,FY,113900000,61200000,113900000,1.0,0.0,57700000,0.0,0.0,118900000,4000.0,61200000,4500000.0,121897000,0.032792085674382535,56200000,0.032774008449644725,0.0,56200000,0.032774008449644725,22397000,33800000,0.019713505144719846,1.28517,1.28517,26300000,26300000,https://www.sec.gov/Archives/edgar/data/1128361/000119312507054809/d10k.htm,https://www.sec.gov/Archives/edgar/data/1128361/000119312507054809/d10k.htm
0,2005-12-31,HOPE,2006-03-14,2006-03-14 16:23:50,FY,99800000,37700000,99800000,1.0,0.0,54100000,0.0,0.0,91800000,0.0,37700000,4000000.0,87411000,0.0,45700000,0.0,0.0,45700000,0.0,18811000,26900000,0.0,1.07171,1.07171,25100000,25100000,https://www.sec.gov/Archives/edgar/data/1128361/000119312506053726/d10k.htm,https://www.sec.gov/Archives/edgar/data/1128361/000119312506053726/d10k.htm
0,2004-12-31,HOPE,2005-06-30,2005-06-30 17:30:12,FY,79100000,18700000,79100000,1.0,0.0,45900000,0.0,-527274000,64600000,-527274000,18700000,3600000.0,55600000,0.0,33200000,0.0,0.0,33200000,0.0,13500000,19800000,0.0,0.80488,0.80488,24600000,24600000,https://www.sec.gov/Archives/edgar/data/1128361/000095012905006770/v10164e10vk.htm,https://www.sec.gov/Archives/edgar/data/1128361/000095012905006770/v10164e10vk.htm
0,2003-12-31,HOPE,2004-03-15,2004-03-15 17:07:35,FY,65600000,15900000,65600000,1.0,0.0,43500000,0.0,0.0,59400000,0.0,15900000,2000000.0,40466000,26.80892144892145,22200000,0.37735449735449733,0.0,22200000,0.37735449735449733,8866000.0,13700000,0.233015873015873,0.59307,0.59307,23100000,23100000,https://www.sec.gov/Archives/edgar/data/1128361/000095014804000602/v97255e10vk.htm,https://www.sec.gov/Archives/edgar/data/1128361/000095014804000602/v97255e10vk.htm
0,2002-12-31,HOPE,2003-03-31 00:00:00,2003-03-31 14:53:01,FY,52300000,13500000,52300000,1.0,0.0,37100000,0.0,0.0,50600000,0.0,13500000,1100000.0,35277000,-2.206110642152725,15200000,0.37225916699264994,0.0,15200000,0.37225916699264994,6777000.0,13900000,0.2327314652776348,0.60435,0.60435,23000000,23000000,https://www.sec.gov/Archives/edgar/data/1128361/000095014803000696/0000950148-03-000696-index.html,https://www.sec.gov/Archives/edgar/data/1128361/000095014803000696/v88830ke10vk.htm
0,2001-12-31,HOPE,2002-04-01 00:00:00,2002-04-01 00:00:00,FY,46200000,17000000,46200000,1.0,0.0,29200000,0.0,0.0,46200000,0.0,17000000,-400000.0,33700000,0.0,17100000,0.0,0.0,17100000,0.0,6300000.0,10800000,0.0,0.46352,0.46352,23300000,23300000,https://www.sec.gov/Archives/edgar/data/1128361/000095014802000859/0000950148-02-000859-index.html,https://www.sec.gov/Archives/edgar/data/1128361/000095014802000859/v80322e10-k.htm
