,date,symbol,fillingDate,acceptedDate,period,revenue,costOfRevenue,grossProfit,grossProfitRatio,researchAndDevelopmentExpenses,generalAndAdministrativeExpenses,sellingAndMarketingExpenses,otherExpenses,operatingExpenses,costAndExpenses,interestExpense,depreciationAndAmortization,ebitda,ebitdaratio,operatingIncome,operatingIncomeRatio,totalOtherIncomeExpensesNet,incomeBeforeTax,incomeBeforeTaxRatio,incomeTaxExpense,netIncome,netIncomeRatio,eps,epsdiluted,weightedAverageShsOut,weightedAverageShsOutDil,link,finalLink
0,2019-12-31,TRMK,2020-02-20,2020-02-20 16:19:51,FY,613634000,0.0,613634000,1.0,0.0,439841000,0.0,0.0,523744000,0.0,83903000,39420000,297116000,0.283219313141058,173793000,0.283219313141058,0.0,173793000,0.283219313141058,23333000,150460000,0.24519501852896025,2.32292,2.32292,64575107,64853448,https://www.sec.gov/Archives/edgar/data/36146/000156459020005569/0001564590-20-005569-index.htm,https://www.sec.gov/Archives/edgar/data/36146/000156459020005569/trmk-10k_20191231.htm
0,2018-12-31,TRMK,2019-02-19,2019-02-19 16:03:35,FY,604256000,66192000,538064000,0.8904570248371552,0.0,432403000,0.0,0.0,498595000,238033000,66192000,38940000,276985000,0.449487387344,171853000,0.356644890563,0.0,171853000,0.28440429222051583,22269000,149584000,0.356644890563,2.21085,2.21085,67380180,67685067,https://www.sec.gov/Archives/edgar/data/36146/000156459019003267/0001564590-19-003267-index.htm,https://www.sec.gov/Archives/edgar/data/36146/000156459019003267/trmk-10k_20181231.htm
0,2017-12-31,TRMK,2018-02-20,2018-02-20 16:03:20,FY,592213000,42245000,549968000,0.9286658685304106,0.0,437868000,0.0,0.0,480113000,234987000,42245000,38471000,235061000,0.353578702,154345000,0.259182922341,0.0,154345000,0.2606241335465449,48715000,105630000,0.259182922341,1.55597,1.55597,67711538,67711538,https://www.sec.gov/Archives/edgar/data/36146/000156459018002465/0001564590-18-002465-index.htm,https://www.sec.gov/Archives/edgar/data/36146/000156459018002465/trmk-10k_20171231.htm
0,2016-12-31,TRMK,2017-02-21,2017-02-21 17:19:31,FY,561476000,24547000,536929000,0.9562813014269532,0.0,422012000,0.0,10082000,446559000,239637000,24547000,36613000,200624000,0.374223614505,139464000,0.279746499008,988000.0,139464000,0.3384391380314502,31053000,108411000,0.279746499008,1.59936,1.59936,67756875,67756875,https://www.sec.gov/Archives/edgar/data/36146/000156459017001916/0001564590-17-001916-index.htm,https://www.sec.gov/Archives/edgar/data/36146/000156459017001916/trmk-10k_20161231.htm
0,2015-12-31,TRMK,2016-02-23,2016-02-23 14:42:53,FY,564914000,20460000,544454000,0.9637820978060377,0.0,413462000,0.0,7061000.0,433922000,230198000,20460000,37056000,208968000,0.390780187102,151452000,0.296192870726,1579000.0,151452000,0.36740129783492026,35414000,116038000,0.296192870726,1.71421,1.71421,67463953,67858479,https://www.sec.gov/Archives/edgar/data/36146/000156459016013066/0001564590-16-013066-index.htm,https://www.sec.gov/Archives/edgar/data/36146/000156459016013066/trmk-10k_20151231.htm
0,2014-12-31,TRMK,2015-03-02,2015-03-02 13:58:46,FY,578400000,21500000,556900000,0.9628284923928078,0.0,416400000,0.0,5673000.0,437900000,226694000,21500000,36072000,219701000,0.393831290584,162100000,0.30483845501,1524000.0,162100000,0.3797091467899794,38529000,123600000,0.30483845501,1.8284,1.8284,67520218,67520218,https://www.sec.gov/Archives/edgar/data/36146/000114036115009568/0001140361-15-009568-index.htm,https://www.sec.gov/Archives/edgar/data/36146/000114036115009568/form10k.htm
0,2013-12-31,TRMK,2014-02-24,2014-02-24 16:57:45,FY,562400000,25900000,536500000,0.9539473684210527,0.0,408300000,0.0,5762000.0,434200000,221727000,25900000,37200000,217137000,0.396957941965,154000000,0.301322824187,1466000.0,154000000,0.37166281320442335,36937000,117100000,0.301322824187,1.74516,1.74516,66891428,66891428,https://www.sec.gov/Archives/edgar/data/36146/000114036114009297/0001140361-14-009297-index.htm,https://www.sec.gov/Archives/edgar/data/36146/000114036114009297/form10k.htm
0,2012-12-31,TRMK,2013-02-27,2013-02-27 16:32:17,FY,516200000,30700000,485500000,0.9405269275474623,0.0,356800000,0.0,5477000.0,387500000,190519000,30700000,29300000,219400000,0.429801460453,159400000,0.343948502889,1342000.0,159400000,0.428842029925281,42100000,117300000,0.343948502889,1.81298,1.81298,64797237,64797237,https://www.sec.gov/Archives/edgar/data/36146/000114036113009623/0001140361-13-009623-index.htm,https://www.sec.gov/Archives/edgar/data/36146/000114036113009623/form10-k.htm
0,2011-12-31,TRMK,2012-02-27,2012-02-27 11:12:22,FY,508800000,43000000,465800000,0.9154874213836478,0.0,360200000,0.0,5777000.0,403200000,178556000,43000000,25300000,216878000,0.378611979607,148600000,0.306184677727,1321000.0,148600000,0.3791504136701201,41778000,106800000,0.306184677727,1.66096,1.66096,63976646,64362048,https://www.sec.gov/Archives/edgar/data/36146/000114036112011010/0001140361-12-011010-index.htm,https://www.sec.gov/Archives/edgar/data/36146/000114036112011010/form10k.htm
0,2010-12-31,TRMK,2011-02-25,2011-02-25 16:03:26,FY,517900000,56200000,461700000,0.8914848426337131,0.0,375100000,0.0,6355000.0,431300000,174582000,56200000,25600000,224519000,0.487652795414,142800000,0.405527479739,1409000.0,142800000,0.405527479739,42119000,100600000,0.285879047676,1.57188,1.57188,63693670,64099363,https://www.sec.gov/Archives/edgar/data/36146/000003614611000070/0000036146-11-000070-index.htm,https://www.sec.gov/Archives/edgar/data/36146/000003614611000070/form10k.htm
0,2009-12-31,TRMK,2010-02-25,2010-02-25 16:11:00,FY,522400000,87900000,434500000,0.8317381316998469,0.0,385400000,0.0,0.0,473300000,0.0,87900000,26500000,251400000,0.37001370848433024,137100000,0.3100922495034633,0.0,137100000,0.3100922495034633,44000000,93000000,0.2104840497486778,1.60622,1.60622,73846825,73846825,https://www.sec.gov/Archives/edgar/data/36146/000114036110008460/0001140361-10-008460-index.htm,https://www.sec.gov/Archives/edgar/data/36146/000114036110008460/form10k.htm
0,2008-12-31,TRMK,2009-02-26,2009-02-26 17:20:41,FY,496500000,164100000,332400000,0.6694864048338368,0.0,360100000,0.0,13804000,524200000,0.0,164100000,26900000,327300000,0.2820048046780431,136300000,0.2820048046780431,1822000.0,136300000,0.2820048046780431,43900000,92400000,0.19122908299346755,1.61257,1.61257,58123899,58123899,https://www.sec.gov/Archives/edgar/data/36146/000114036109005186/0001140361-09-005186-index.htm,https://www.sec.gov/Archives/edgar/data/36146/000114036109005186/form10k.htm
0,2007-12-31,TRMK,2008-02-29,2008-02-29 12:52:47,FY,463200000,242400000,220800000,0.47668393782383417,0.0,300200000,0.0,21761000,542600000,0.0,242400000,27800000,433200000,0.3000996054446067,163000000,0.3000996054446067,2116000.0,163000000,0.3000996054446067,54400000,108600000,0.19993813783846978,1.87889,1.87889,57763297,57763297,https://www.sec.gov/Archives/edgar/data/36146/000003614608000043/0000036146-08-000043-index.htm,https://www.sec.gov/Archives/edgar/data/36146/000003614608000043/form10k.htm
0,2006-12-31,TRMK,2007-02-28,2007-02-28 16:30:29,FY,435700000,202200000,233500000,0.535919210465917,0.0,254600000,0.0,28107000,456800000,0.0,202200000,26700000,410100000,0.3752635961768715,181200000,0.3752635961768715,267000.0,181200000,0.3752635961768715,61900000,119300000,0.2470719591669325,2.08932,2.08932,56527488,57068421,https://www.sec.gov/Archives/edgar/data/36146/000003614607000021/0000036146-07-000021-index.htm,https://www.sec.gov/Archives/edgar/data/36146/000003614607000021/f10k_123106.htm
0,2005-12-31,TRMK,2006-03-15,2006-03-15 12:29:16,FY,419500000,139300000,280200000,0.6679380214541121,0.0,262800000,0.0,38158000,402100000,0.0,139300000,24200000,320300000,0.37703182847121824,156700000,0.37703182847121824,130000.0,156700000,0.37703182847121824,53800000,103000000,0.24765875144636598,1.81658,1.81658,56566483,56879005,https://www.sec.gov/Archives/edgar/data/36146/000003614606000030/0000036146-06-000030-index.htm,https://www.sec.gov/Archives/edgar/data/36146/000003614606000030/f10k_123105.htm
0,2004-12-31,TRMK,,,FY,399600000,88700000,399600000,1.0,0.0,222200000,0.0,0.0,310900000,0.0,88700000,23900000,290000000,0.0,177400000,0.0,0.0,177400000,0.0,60700000,116700000,0.0,2.00172,2.00172,58300000,58300000,,
0,2003-12-31,TRMK,,,FY,406100000,89600000,406100000,1.0,0.0,224700000,0.0,0.0,314300000,0.0,89600000,33100000,304200000,0.0,181500000,0.0,0.0,181500000,0.0,63000000,118500000,0.0,2.00169,2.00169,59200000,59200000,,
0,2002-12-31,TRMK,,,FY,409200000,113800000,409200000,1.0,0.0,223100000,0.0,0.0,336900000,0.0,113800000,36900000,336800000,0.0,186100000,0.0,0.0,186100000,0.0,65000000,121100000,0.0,1.94071,1.94071,62400000,62400000,,
0,2001-12-31,TRMK,2002-03-25 00:00:00,2002-03-25 00:00:00,FY,398900000,209200000,398900000,1.0,0.0,227500000,0.0,0.0,436700000,0.0,209200000,26900000,407500000,0.0,171400000,0.0,0.0,171400000,0.0,60100000,111300000,0.0,1.71495,1.71495,64900000,64900000,https://www.sec.gov/Archives/edgar/data/36146/000003614602000012/0000036146-02-000012-index.html,https://www.sec.gov/Archives/edgar/data/36146/000003614602000012/f10k_body2001.txt
0,2000-12-31,TRMK,2001-03-30 00:00:00,2001-03-30 00:00:00,FY,357500000,255200000,357500000,1.0,0.0,199200000,0.0,0.0,454400000,0.0,255200000,20900000,431900000,0.0,158300000,0.0,0.0,158300000,0.0,54100000,101700000,0.0,1.49779,1.49779,67900000,67900000,https://www.sec.gov/Archives/edgar/data/36146/000003614601000009/0000036146-01-000009-index.html,https://www.sec.gov/Archives/edgar/data/36146/000003614601000009/0000036146-01-000009-0001.txt
0,1999-12-31,TRMK,,,FY,345300000,205100000,345300000,1.0,0.0,196200000,0.0,0.0,401300000,0.0,205100000,21200000,375500000,0.0,149200000,0.0,0.0,149200000,0.0,51200000,98000000,0.0,1.363,1.363,71900000,71900000,,
0,1998-12-31,TRMK,,,FY,315200000,191900000,315200000,1.0,0.0,186100000,0.0,0.0,378000000,0.0,191900000,19700000,340700000,0.0,129100000,0.0,0.0,129100000,0.0,45800000,83300000,0.0,1.14266,1.14266,72900000,72900000,,
0,1997-12-31,TRMK,,,FY,277400000,172900000,277400000,1.0,0.0,170500000,0.0,0.0,343400000,0.0,172900000,19000000,298900000,0.0,107000000,0.0,0.0,107000000,0.0,35900000,71100000,0.0,0.97665,0.97665,72800000,72800000,,
0,1996-12-31,TRMK,1997-03-19 00:00:00,1997-03-19 00:00:00,FY,261100000,164000000,261100000,1.0,0.0,163600000,0.0,0.0,327600000,0.0,164000000,18000000,279400000,0.0,97400000,0.0,0.0,97400000,0.0,32300000,65100000,0.0,0.93266,0.93266,69800000,69800000,https://www.sec.gov/Archives/edgar/data/36146/000003614697000004/0000036146-97-000004-index.html,https://www.sec.gov/Archives/edgar/data/36146/0000036146-97-000004.txt
0,1995-12-31,TRMK,1996-03-28 00:00:00,1996-03-28 00:00:00,FY,245100000,162700000,245100000,1.0,0.0,153700000,0.0,0.0,316400000,0.0,162700000,17500000,271600000,0.0,91300000,0.0,0.0,91300000,0.0,31600000,59800000,0.0,0.85673,0.85673,69800000,69800000,https://www.sec.gov/Archives/edgar/data/36146/000095013496000946/0000950134-96-000946-index.html,https://www.sec.gov/Archives/edgar/data/36146/0000950134-96-000946.txt
0,1994-12-31,TRMK,1995-03-30 00:00:00,1995-03-30 00:00:00,FY,239900000,124300000,239900000,1.0,0.0,155600000,0.0,0.0,279900000,0.0,124300000,17100000,225600000,0.0,84200000,0.0,0.0,84200000,0.0,29200000,55000000,0.0,0.79023,0.79023,69600000,69600000,https://www.sec.gov/Archives/edgar/data/36146/000095013495000552/0000950134-95-000552-index.html,https://www.sec.gov/Archives/edgar/data/36146/0000950134-95-000552.txt
