,date,symbol,fillingDate,acceptedDate,period,revenue,costOfRevenue,grossProfit,grossProfitRatio,researchAndDevelopmentExpenses,generalAndAdministrativeExpenses,sellingAndMarketingExpenses,otherExpenses,operatingExpenses,costAndExpenses,interestExpense,depreciationAndAmortization,ebitda,ebitdaratio,operatingIncome,operatingIncomeRatio,totalOtherIncomeExpensesNet,incomeBeforeTax,incomeBeforeTaxRatio,incomeTaxExpense,netIncome,netIncomeRatio,eps,epsdiluted,weightedAverageShsOut,weightedAverageShsOutDil,link,finalLink
0,2019-12-31,CARE,,,FY,129217000,0.0,129217000,1.0,0.0,101433000,0.0,0.0,148206000,0.0,46773000,5335000.0,79892000,0.0,27784000,0.0,0.0,27784000,0.0,1209000.0,26575000,0.0,1.00896,1.00896,26339090,26339090,,
0,2018-12-31,CARE,,,FY,130891000,38114000,130891000,1.0,0.0,116583000,0.0,0.0,154697000,0.0,38114000,3682000.0,56104000,0.0,14308000,0.0,0.0,14308000,0.0,2403000.0,11905000,0.0,0.45336,0.45336,26259220,26259220,,
0,2017-12-31,CARE,,,FY,119564000,37111000,119564000,1.0,0.0,137776000,0.0,0.0,174887000,0.0,37111000,3150000.0,19251000,0.0,-18212000,0.0,0.0,-18212000,0.0,-20329000,-681000.0,0.0,-0.02594,-0.02594,26257760,26257760,,
0,2016-12-31,CARE,,,FY,113760000,46382000,113760000,1.0,0.0,96136000,0.0,0.0,142518000,0.0,46382000,3285000.0,67291000,0.0,17624000,0.0,0.0,17624000,0.0,1645000.0,15979000,0.0,0.60854,0.60854,26257760,26257760,,
0,2015-12-31,CARE,,,FY,119265000,47797000,119265000,1.0,0.0,69866000,0.0,0.0,117663000,0.0,47797000,5702000.0,102898000,0.0,49399000,0.0,0.0,49399000,0.0,10241000,39158000,0.0,1.49129,1.49129,26257760,26257760,,
0,2014-12-31,CARE,,,FY,115870000,45330000,115870000,1.0,0.0,72585000,0.0,0.0,117915000,0.0,45330000,10818000,99433000,0.0,43285000,0.0,0.0,43285000,0.0,9825000.0,33460000,0.0,1.27429,1.27429,26257760,26257760,,
0,2013-12-31,CARE,,,FY,107400000,52800000,107400000,1.0,0.0,72200000,0.0,0.0,125000000,0.0,52800000,10840000,98840000,0.0,35200000,0.0,0.0,35200000,0.0,9100000.0,26100000,0.0,0.9924,0.9924,26300000,26300000,,
0,2012-12-31,CARE,,,FY,113100000,56500000,113100000,1.0,0.0,72000000,0.0,0.0,128500000,0.0,56500000,10820000,108420000,0.0,41100000,0.0,0.0,41100000,0.0,10800000,30300000,0.0,1.15209,1.15209,26300000,26300000,,
0,2011-12-31,CARE,,,FY,108700000,56700000,108700000,1.0,0.0,70400000,0.0,0.0,127100000,0.0,56700000,10660000,105660000,0.0,38300000,0.0,0.0,38300000,0.0,8200000.0,30100000,0.0,1.14449,1.14449,26300000,26300000,,
