,date,symbol,fillingDate,acceptedDate,period,revenue,costOfRevenue,grossProfit,grossProfitRatio,researchAndDevelopmentExpenses,generalAndAdministrativeExpenses,sellingAndMarketingExpenses,otherExpenses,operatingExpenses,costAndExpenses,interestExpense,depreciationAndAmortization,ebitda,ebitdaratio,operatingIncome,operatingIncomeRatio,totalOtherIncomeExpensesNet,incomeBeforeTax,incomeBeforeTaxRatio,incomeTaxExpense,netIncome,netIncomeRatio,eps,epsdiluted,weightedAverageShsOut,weightedAverageShsOutDil,link,finalLink
0,2019-12-31,FFIC,2020-03-02,2020-03-02 15:31:17,FY,171411000,0.0,171411000,1.0,0.0,118080000,0.0,14937000,235096000,67765000,117016000,5930000.0,176277000,14.0077894171,53331000,14.3247381144,1604000.0,53331000,14.3247381144,12052000,41279000,11.0875637926,1.43714,1.43714,28665972,28665972,https://www.sec.gov/Archives/edgar/data/923139/000155837020001872/0001558370-20-001872-index.htm,https://www.sec.gov/Archives/edgar/data/923139/000155837020001872/ffic-20191231x10kbe8259.htm
0,2018-12-31,FFIC,2019-03-01,2019-03-01 12:16:56,FY,177743000,89592000,88151000,0.4959463945134267,0.0,112258000,0.0,15235000,201850000,64560000,89592000,5792000.0,160869000,15.6652605459,65485000,16.2493796526,1190000.0,65485000,16.2493796526,10395000,55090000,13.6699751861,1.91884,1.91884,28692708,28692708,https://www.sec.gov/Archives/edgar/data/923139/000117184319001423/0001171843-19-001423-index.htm,https://www.sec.gov/Archives/edgar/data/923139/000117184319001423/f10k_022819p.htm
0,2017-12-31,FFIC,2018-03-01,2018-03-01 16:50:12,FY,183469000,61478000,121991000,0.664913418615679,0.0,117335000,0.0,15189000,178813000,62087000,61478000,4832000.0,132444000,0.366576741553,66134000,0.382041165291,526000.0,66134000,0.382041165291,25013000,41121000,0.237546719659,1.41397,1.41397,29163829,29163829,https://www.sec.gov/Archives/edgar/data/923139/000117184318001607/0001171843-18-001607-index.htm,https://www.sec.gov/Archives/edgar/data/923139/000117184318001607/f10k_030118p.htm
0,2016-12-31,FFIC,2017-03-13,2017-03-13 16:58:14,FY,224622000,53911000,170711000,0.7599923426912769,0.0,118603000,0.0,16740000,172514000,60825000,53911000,4450000.0,164380000,0.610559831464,106019000,0.634517553835,250000.0,106019000,0.634517553835,41103000,64916000,0.388518487485,2.2408,2.2408,28980357,28980357,https://www.sec.gov/Archives/edgar/data/923139/000117184317001477/0001171843-17-001477-index.htm,https://www.sec.gov/Archives/edgar/data/923139/000117184317001477/f10k_030817p.htm
0,2015-12-31,FFIC,2016-03-15,2016-03-15 15:13:23,FY,170139000,49726000,120413000,0.7077330888273705,0.0,96763000,0.0,15118000,146489000,53093000,49726000,3579000.0,126681000,0.440117860381,73376000,0.475171609895,126000.0,73376000,0.475171609895,27167000,46209000,0.299242326124,1.58652,1.58652,29062264,29062264,https://www.sec.gov/Archives/edgar/data/923139/000117184316008590/0001171843-16-008590-index.htm,https://www.sec.gov/Archives/edgar/data/923139/000117184316008590/f10k_031516p.htm
0,2014-12-31,FFIC,2015-03-16,2015-03-16 16:25:06,FY,157800000,49600000,108200000,0.6856780735107731,0.0,85000000,0.0,11809000,134600000,48998000,49600000,2813000.0,125186000,0.477543595974,72800000,0.511366908496,79000.0,72800000,0.511366908496,28573000,44200000,0.310695498887,1.48322,1.48322,29690604,29690604,https://www.sec.gov/Archives/edgar/data/923139/000117184315001447/0001171843-15-001447-index.htm,https://www.sec.gov/Archives/edgar/data/923139/000117184315001447/f10k_031615.htm
0,2013-12-31,FFIC,2014-03-17,2014-03-17 15:31:14,FY,155300000,54900000,100400000,0.6464906632324533,0.0,94500000,0.0,10634000,149400000,44397000,54900000,3420000.0,119076000,0.443654188092,60700000,0.416770216184,79000.0,60700000,0.416770216184,22956000,37800000,0.259173571875,1.25581,1.25581,29961904,29961904,https://www.sec.gov/Archives/edgar/data/923139/000117184314001278/0001171843-14-001278-index.htm,https://www.sec.gov/Archives/edgar/data/923139/000117184314001278/f10k_031714.htm
0,2012-12-31,FFIC,2013-03-18,2013-03-18 17:27:08,FY,159500000,63300000,96200000,0.6031347962382445,0.0,103300000,0.0,11450000,166600000,42503000,63300000,3679999.9999999995,123127000,0.400933268634,56200000,0.373427103344,67000.0,56200000,0.373427103344,21847000,34300000,0.228205452044,1.12829,1.12829,30381415,30381415,https://www.sec.gov/Archives/edgar/data/923139/000117184313001052/0001171843-13-001052-index.htm,https://www.sec.gov/Archives/edgar/data/923139/000117184313001052/f10k_031813.htm
0,2011-12-31,FFIC,2012-03-15,2012-03-15 16:21:22,FY,158100000,76700000,81400000,0.5148640101201771,0.0,99200000,0.0,10485000,175900000,38262000,76700000,3660000.0,139129000,0.383001184233,58800000,0.398017255963,112000.0,58800000,0.398017255963,23469000,35300000,0.23920148875,1.14984,1.14984,30737391,30737391,https://www.sec.gov/Archives/edgar/data/923139/000117184312000924/0001171843-12-000924-index.htm,https://www.sec.gov/Archives/edgar/data/923139/000117184312000924/f10k_031512.htm
0,2010-12-31,FFIC,2011-03-16,2011-03-16 16:48:20,FY,146200000,91800000,54400000,0.37209302325581395,0.0,91400000,0.0,10330000,183200000,10330000,91800000,3269999.9999999995,149811000,299.11764705882354,54800000,299.11764705882354,94000.0,54800000,299.11764705882354,15941000,38800000,2284.4117647058824,1.27632,1.27632,30339843,30339843,https://www.sec.gov/Archives/edgar/data/923139/000114036111017147/0001140361-11-017147-index.htm,https://www.sec.gov/Archives/edgar/data/923139/000114036111017147/form10k.htm
0,2009-12-31,FFIC,2010-03-15,2010-03-12 18:51:05,FY,125800000,115300000,10500000,0.0834658187599364,0.0,84400000,0.0,9194000.0,199700000,9194000.0,115300000,3130000.0,159801000,8.251249107780158,41300000,8.251249107780158,91000.0,41300000,8.251249107780158,15771000,25600000,18.24482512491078,1.10345,1.10345,28089010,28089010,https://www.sec.gov/Archives/edgar/data/923139/000114036110011679/0001140361-10-011679-index.htm,https://www.sec.gov/Archives/edgar/data/923139/000114036110011679/form10-k.htm
0,2008-12-31,FFIC,2009-03-16,2009-03-16 16:36:04,FY,94700000,129000000,-34300000,-0.36219640971488914,0.0,60400000,0.0,9900000.0,189400000,9900000.0,129000000,2880000.0,166237000,96.93785310734464,34300000,96.93785310734464,594000.0,34300000,96.93785310734464,12057000,22300000,62.878531073446325,1.09314,1.09314,20053153,20053153,https://www.sec.gov/Archives/edgar/data/923139/000116923209001575/0001169232-09-001575-index.htm,https://www.sec.gov/Archives/edgar/data/923139/000116923209001575/d76473_form10-k.htm
0,2007-12-31,FFIC,2008-03-17,2008-03-17 12:26:51,FY,81200000,122600000,-41400000,-0.5098522167487685,0.0,50100000,0.0,8743000.0,172700000,8743000.0,122600000,2889999.9999999995,156620000,86.67130919220055,31100000,86.67130919220055,707000.0,31100000,86.67130919220055,10930000,20200000,56.22562674094708,1.00498,1.00498,19748275,19748275,https://www.sec.gov/Archives/edgar/data/923139/000116923208001353/0001169232-08-001353-index.htm,https://www.sec.gov/Archives/edgar/data/923139/000116923208001353/d73711_10-k.htm
0,2006-12-31,FFIC,2007-03-16,2007-03-16 15:18:55,FY,77500000,90700000,-13200000,-0.1703225806451613,0.0,42700000,0.0,8428000.0,133400000,8428000.0,90700000,1890000.0,127308000,66.20363636363636,34800000,63.194545454545455,672000.0,34800000,63.194545454545455,13118000,21600000,39.343636363636364,1.14286,1.14286,18654310,18654310,https://www.sec.gov/Archives/edgar/data/923139/000116923207001461/0001169232-07-001461-index.htm,https://www.sec.gov/Archives/edgar/data/923139/000116923207001461/d71244_10-k.htm
0,2005-12-31,FFIC,2006-03-16,2006-03-16 13:13:02,FY,74800000,64200000,10600000,0.14171122994652408,0.0,36300000,0.0,6666000.0,100500000,6666000.0,64200000,1550000.0,104301000,68.86106346483704,38600000,66.19725557461406,117000.0,38600000,66.19725557461406,15051000,23500000,40.38078902229846,1.30556,1.30556,17568656,17568656,https://www.sec.gov/Archives/edgar/data/923139/000116923206001548/0001169232-06-001548-index.htm,https://www.sec.gov/Archives/edgar/data/923139/000116923206001548/d67382_10-k.htm
0,2004-12-31,FFIC,,,FY,72400000,52200000,72400000,1.0,0.0,35400000,0.0,0.0,87600000,0.0,52200000,1490000.0,90690000,0.0,37000000,0.0,0.0,37000000,0.0,14400000,22600000,0.0,1.24862,1.24862,18100000,18100000,,
0,2003-12-31,FFIC,,,FY,66500000,52200000,66500000,1.0,0.0,31200000,0.0,0.0,83400000,0.0,52200000,1230000.0,88630000,0.0,35200000,0.0,0.0,35200000,0.0,13500000,21700000,0.0,1.2191,1.2191,17800000,17800000,,
0,2002-12-31,FFIC,,,FY,53800000,54600000,53800000,1.0,0.0,27600000,0.0,0.0,82200000,0.0,54600000,1040000.0,81940000,0.0,26200000,0.0,0.0,26200000,0.0,10000000,16300000,0.0,0.8956,0.8956,18200000,18200000,,
0,2001-12-31,FFIC,,,FY,48300000,59700000,48300000,1.0,0.0,24500000,0.0,0.0,84200000,0.0,59700000,1440000.0,84940000,0.0,23800000,0.0,0.0,23800000,0.0,8900000.0,14900000,0.0,0.77604,0.77604,19200000,19200000,,
0,2000-12-31,FFIC,,,FY,43800000,57000000,43800000,1.0,0.0,23800000,0.0,0.0,80800000,0.0,57000000,1460000.0,78360000,0.0,20000000,0.0,0.0,20000000,0.0,7500000.0,12400000,0.0,0.64583,0.64583,19200000,19200000,,
0,1999-12-31,FFIC,,,FY,43200000,47800000,43200000,1.0,0.0,22600000,0.0,0.0,70400000,0.0,47800000,1390000.0,69690000,0.0,20500000,0.0,0.0,20500000,0.0,7800000.0,12700000,0.0,0.60766,0.60766,20900000,20900000,,
0,1998-12-31,FFIC,1999-03-31 00:00:00,1999-03-31 00:00:00,FY,39400000,46700000,39400000,1.0,0.0,23200000,0.0,0.0,69900000,0.0,46700000,1350000.0,64250000,0.0,16200000,0.0,0.0,16200000,0.0,6000000.0,10200000,0.0,0.43404,0.43404,23500000,23500000,https://www.sec.gov/Archives/edgar/data/923139/000089155499000635/0000891554-99-000635-index.html,https://www.sec.gov/Archives/edgar/data/923139/0000891554-99-000635.txt
0,1997-12-31,FFIC,,,FY,34800000,34800000,34800000,1.0,0.0,19400000,0.0,0.0,54200000,0.0,34800000,920000.0,51020000,0.0,15300000,0.0,0.0,15300000,0.0,6800000.0,8500000.0,0.0,0.34979,0.34979,24300000,24300000,,
0,1996-12-31,FFIC,,,FY,30500000,26300000,30500000,1.0,0.0,18000000,0.0,0.0,44300000,0.0,26300000,960000.0,39760000,0.0,12500000,0.0,0.0,12500000,0.0,5800000.0,6700000.0,0.0,0.25283,0.25283,26500000,26500000,,
