,date,symbol,fillingDate,acceptedDate,period,revenue,costOfRevenue,grossProfit,grossProfitRatio,researchAndDevelopmentExpenses,generalAndAdministrativeExpenses,sellingAndMarketingExpenses,otherExpenses,operatingExpenses,costAndExpenses,interestExpense,depreciationAndAmortization,ebitda,ebitdaratio,operatingIncome,operatingIncomeRatio,totalOtherIncomeExpensesNet,incomeBeforeTax,incomeBeforeTaxRatio,incomeTaxExpense,netIncome,netIncomeRatio,eps,epsdiluted,weightedAverageShsOut,weightedAverageShsOutDil,link,finalLink
0,2019-12-31,FTF,,,FY,22608100,6599680.0,16008420,0.708083,0.0,0.0,0.0,65600.0,65599.99999999988,6665280.0,11725370,0.0,39393560,1.742453,15942820,0.705182,0.0,27668190,1.223818,0.0,27668190,1.223818,0.91802,0.91802,30138840,30138840,,
0,2018-12-31,FTF,,,FY,18461230,4673110.0,13788120,0.746869,0.0,0.0,0.0,46010.0,45999.999999999374,4719109.999999999,-21256450,0.0,-28770790,-1.558444,13742120,0.744377,0.0,-7514340.0,-0.407034,0.0,-7514340.0,-0.407034,-0.24932,-0.24932,30138840,30138840,,
0,2017-12-31,FTF,,,FY,13585570,2553210.0,11032360,0.812065,0.0,0.0,0.0,109390.0,109399.99999999994,2662610.0,-781150.0,0.0,9360660.0,0.689015,10922960,0.804012,0.0,10141810,0.746513,0.0,10141810,0.746513,0.44867,0.44867,22604130,22604130,,
0,2017-03-31,FTF,,,FY,21030930,4444240.0,16586690,0.788681,0.0,0.0,0.0,72720.0,72720.00000000033,4516960.0,23209310,0.0,62932590,2.992383,16513970,0.785223,0.0,39723280,1.888803,0.0,39723280,1.888803,1.75735,1.75735,22604130,22604130,,
0,2016-03-31,FTF,,,FY,23369330,3935620.0,19433710,0.83159,0.0,0.0,0.0,118790.0,118789.99999999972,4054409.9999999995,-37738190,0.0,-56161470,-2.403213,19314920,0.826507,0.0,-18423280,-0.788353,0.0,-18423280,-0.788353,-0.68652,-0.68652,26835650,26835650,,
0,2015-03-31,FTF,,,FY,23853710,4182090.0,19671620,0.824678,0.0,0.0,0.0,131260.0,131260.00000000015,4313350.0,-9191000.0,0.0,1158350.0,0.048561,19540360,0.819175,0.0,10349350,0.433868,0.0,10349350,0.433868,0.38566,0.38566,26835650,26835650,,
0,2014-03-31,FTF,,,FY,25850000,4170000.0,21680000,0.838685,0.0,0.0,0.0,100000.0,99999.99999999964,4270000.0,5140000.0,0.0,31850000,1.232108,21580000,0.834816,-10000.0,26710000,1.033269,0.0,26710000,1.033269,0.99516,0.99516,26840000,26840000,,
0,2013-03-31,FTF,,,FY,28440000,4080000.0,24360000,0.85654,0.0,0.0,0.0,160000.0,169999.99999999994,4250000.0,16600000,0.0,57400000,2.018284,24200000,0.850914,0.0,40800000,1.434599,0.0,40800000,1.434599,1.52069,1.52069,26830000,26830000,,
