,date,symbol,fillingDate,acceptedDate,period,revenue,costOfRevenue,grossProfit,grossProfitRatio,researchAndDevelopmentExpenses,generalAndAdministrativeExpenses,sellingAndMarketingExpenses,otherExpenses,operatingExpenses,costAndExpenses,interestExpense,depreciationAndAmortization,ebitda,ebitdaratio,operatingIncome,operatingIncomeRatio,totalOtherIncomeExpensesNet,incomeBeforeTax,incomeBeforeTaxRatio,incomeTaxExpense,netIncome,netIncomeRatio,eps,epsdiluted,weightedAverageShsOut,weightedAverageShsOutDil,link,finalLink
0,2020-03-31,CSWC,2020-06-02 00:00:00,2020-06-02 16:10:43,FY,62039000,15836000,46203000,0.744741,0.0,15909000,0.0,25999000,15909000,31745000,-15836000,2405000.0,-33720000,-0.543529,30294000,0.488306,0.0,-20289000,-0.327036,2062000.0,-22351000,-0.360273,-1.24173,-1.24173,17999840,17999840,https://www.sec.gov/Archives/edgar/data/17313/000001731320000051/0000017313-20-000051-index.htm,https://www.sec.gov/Archives/edgar/data/17313/000001731320000051/cswc3312010-k.htm
0,2019-03-31,CSWC,2019-06-04 00:00:00,2019-06-04 16:25:26,FY,51881000,12178000,39703000,0.765271,0.0,14945000,0.0,22164000,14945000,27123000,-12178000,1393000.0,23321000,0.449509,24758000,0.477207,0.0,34106000,0.657389,1048000.0,33058000,0.637189,1.97546,1.97546,16734370,16734370,https://www.sec.gov/Archives/edgar/data/17313/000001731319000024/0000017313-19-000024-index.html,https://www.sec.gov/Archives/edgar/data/17313/000001731319000024/cswc3311910-k.htm
0,2018-03-31,CSWC,2018-06-05 00:00:00,2018-06-05 16:58:47,FY,35126000,4875000.0,30251000,0.861214,0.0,13306000,0.0,14113000,13823000,18698000,-4875000.0,927000.0,35554000,1.012185,16428000,0.467688,0.0,39502000,1.12458,195000.0,39307000,1.119029,2.4356,2.4356,16138540,16138540,https://www.sec.gov/Archives/edgar/data/17313/000001731318000023/0000017313-18-000023-index.html,https://www.sec.gov/Archives/edgar/data/17313/000001731318000023/cswc-20180331x10k.htm
0,2017-03-31,CSWC,2017-06-01 00:00:00,2017-06-01 15:00:46,FY,23474000,989000.0,22485000,0.957868,0.0,12128000,0.0,9206000.0,12818000,13807000,-989000.0,459000.0,24723000,1.053208,9667000.0,0.411817,0.0,25253000,1.075786,1779000.0,23474000,1.0,1.47846,1.47846,15877330,15877330,https://www.sec.gov/Archives/edgar/data/17313/000001731317000012/0000017313-17-000012-index.html,https://www.sec.gov/Archives/edgar/data/17313/000001731317000012/cswc-20170331x10k.htm
0,2016-03-31,CSWC,2016-06-14 00:00:00,2016-06-14 15:55:47,FY,9160000.0,0.0,0.0,1.0,0.0,12782000,0.0,16456000,21125000,21125000,5287000.0,86000.0,-1305000.0,-0.142467,-11965000,-1.306223,0.0,-6678000.0,-0.729039,-1278000.0,-5400000.0,-0.58952,-0.34537,-0.34537,15635600,15635600,https://www.sec.gov/Archives/edgar/data/17313/000114036116069706/0001140361-16-069706-index.html,https://www.sec.gov/Archives/edgar/data/17313/000114036116069706/form10k.htm
0,2015-03-31,CSWC,2015-06-03 00:00:00,2015-06-03 17:28:13,FY,9948000.0,0.0,0.0,0.0,0.0,9523000.0,0.0,0.0,12123000,12123000,55887000,55000.0,109654000,11.022718,-2175000.0,-0.218637,0.0,53712000,5.399276,270000.0,53442000,5.372135,3.4334,3.4334,15565330,15565330,https://www.sec.gov/Archives/edgar/data/17313/000114036115023093/0001140361-15-023093-index.html,https://www.sec.gov/Archives/edgar/data/17313/000114036115023093/form10k.htm
0,2014-03-31,CSWC,2014-06-03 00:00:00,2014-06-03 16:25:23,FY,12610000,0.0,0.0,0.0,0.0,6660000.0,0.0,1800000.0,8450000.0,8450000.0,107120000,0.0,218391000,17.318874,4160000.0,0.329897,0.0,111270000,8.823949,-739000.0,112010000,8.882633,7.26866,7.26866,15410000,15410000,https://www.sec.gov/Archives/edgar/data/17313/000114036114024348/0001140361-14-024348-index.html,https://www.sec.gov/Archives/edgar/data/17313/000114036114024348/form10k.htm
0,2013-03-31,CSWC,2013-05-31 00:00:00,2013-05-31 12:01:10,FY,10840000,0.0,0.0,0.0,0.0,6760000.0,0.0,1580000.0,8340000.0,8340000.0,105930000,0.0,213230000,19.670664,2500000.0,0.230627,0.0,108420000,10.001845,590000.0,106710000,9.844096,7.00197,7.00197,15240000,15240000,https://www.sec.gov/Archives/edgar/data/17313/000114036113023510/0001140361-13-023510-index.html,https://www.sec.gov/Archives/edgar/data/17313/000114036113023510/form10k.htm
0,2012-03-31,CSWC,2012-06-01,,FY,9330000.0,0.0,0.0,0.0,0.0,5690000.0,0.0,980000.0,6670000.0,6670000.0,90460000,0.0,182338000,19.543194,2660000.0,0.285102,0.0,93120000,9.980707,118000.0,91760000,9.834941,6.10919,6.10919,15020000,15020000,https://www.sec.gov/Archives/edgar/data/17313/000114036112028351/form10k.htm,https://www.sec.gov/Archives/edgar/data/17313/000114036112028351/form10k.htm
0,2011-03-31,CSWC,2011-06-10 00:00:00,2011-06-10 16:16:28,FY,7570000.0,0.0,0.0,0.0,0.0,4870000.0,0.0,770000.0,5640000.0,5640000.0,76460000,0.0,130276000,17.209511,1930000.0,0.254954,0.0,78390000,10.35535,126000.0,53690000,7.09247,3.58172,3.58172,14990000,14990000,https://www.sec.gov/Archives/edgar/data/17313/000101054911000603/0001010549-11-000603-index.html,https://www.sec.gov/Archives/edgar/data/17313/000101054911000603/cswc10k0333111.htm
0,2010-03-31,CSWC,2010-05-28 00:00:00,2010-05-28 16:14:40,FY,6110000.0,0.0,0.0,0.0,0.0,4070000.0,0.0,-160000.0,3900000.0,3900000.0,72260000,0.0,260817000,42.686907,2210000.0,0.361702,0.0,74470000,12.188216,115017000,73540000,12.036007,4.91249,4.91249,14970000,14970000,https://www.sec.gov/Archives/edgar/data/17313/000101054910000354/0001010549-10-000354-index.html,https://www.sec.gov/Archives/edgar/data/17313/000101054910000354/csw10k033110.htm
0,2009-03-31,CSWC,2009-05-29 00:00:00,2009-05-29 15:05:55,FY,13990000,0.0,13990000,1.0,0.0,3490000.0,0.0,180000.0,3660000.0,3660000.0,-143270000,0.0,-276220000,-19.744103,10320000,0.73767,0.0,-132950000,-9.503217,5360000.0,-138310000,-9.886347,-9.23914,-9.23914,14970000,14970000,https://www.sec.gov/Archives/edgar/data/17313/000101054909000411/0001010549-09-000411-index.html,https://www.sec.gov/Archives/edgar/data/17313/000101054909000411/cswc10k033109.htm
0,2008-03-31,CSWC,2008-05-23 00:00:00,2008-05-23 16:29:36,FY,6790000.0,0.0,6790000.0,1.0,0.0,2680000.0,0.0,290000.0,2970000.0,2970000.0,-142730000,0.0,-281630000,-41.477172,3830000.0,0.564065,0.0,-138900000,-20.456554,110000.0,-139010000,-20.472754,-8.9338,-8.9338,15560000,15560000,https://www.sec.gov/Archives/edgar/data/17313/000101054908000459/0001010549-08-000459-index.html,https://www.sec.gov/Archives/edgar/data/17313/000101054908000459/capital10k033108.txt
0,2007-03-31,CSWC,2007-05-25 00:00:00,2007-05-25 12:03:25,FY,6970000.0,460000.0,6510000.0,0.934003,0.0,1360000.0,0.0,870000.0,2230000.0,2690000.0,162650000,0.0,329580000,47.285509,4290000.0,0.615495,0.0,166930000,23.949785,50000.0,166880000,23.942611,10.73874,10.73874,15540000,15540000,https://www.sec.gov/Archives/edgar/data/17313/000101054907000465/0001010549-07-000465-index.html,https://www.sec.gov/Archives/edgar/data/17313/000101054907000465/capital10k033107.txt
0,2006-03-31,CSWC,,,FY,4840000.0,440000.0,4400000.0,0.909091,0.0,1210000.0,0.0,740000.0,1950000.0000000002,2390000.0,93800000,0.0,190050000,39.266529,2450000.0,0.506198,0.0,96250000,19.886364,60000.0,96190000,19.873967,6.22992,6.22992,15440000,15440000,,
0,2005-03-31,CSWC,,,FY,4850000.0,420000.0,4430000.0,0.913402,0.0,1130000.0,0.0,810000.0,1950000.0000000002,2370000.0,11820000,0.0,26130000,5.387629,2490000.0,0.513402,0.0,14310000,2.950515,80000.0,14230000,2.934021,0.92223,0.92223,15430000,15430000,,
0,2004-03-31,CSWC,,,FY,4710000.0,530000.0,4180000.0,0.887473,0.0,1000000.0,0.0,500000.0,1499999.9999999998,2029999.9999999998,82880000,0.0,168440000,35.762208,2680000.0,0.569002,0.0,85560000,18.165605,90000.0,85470000,18.146497,5.53921,5.53921,15430000,15430000,,
0,2003-03-31,CSWC,,,FY,4060000.0,480000.0,3580000.0,0.881773,0.0,910000.0,0.0,240000.0,1150000.0,1630000.0,-44030000,0.0,-85620000,-21.08867,2430000.0,0.598522,0.0,-41590000,-10.243842,140000.0,-41730000,-10.278325,-2.72389,-2.72389,15320000,15320000,,
0,2002-03-31,CSWC,2002-06-14 00:00:00,2002-06-14 10:03:50,FY,4150000.0,930000.0,3220000.0,0.775904,0.0,900000.0,0.0,130000.0,1020000.0,1950000.0,23640000,0.0,49470000,11.920482,2200000.0,0.53012,0.0,25830000,6.224096,150000.0,25680000,6.187952,1.67624,1.67624,15320000,15320000,https://www.sec.gov/Archives/edgar/data/17313/000101054902000371/0001010549-02-000371-index.html,https://www.sec.gov/Archives/edgar/data/17313/000101054902000371/capital10k033102.txt
0,2001-03-31,CSWC,2001-06-15 00:00:00,2001-06-15 00:00:00,FY,4030000.0,1140000.0,2880000.0,0.71464,0.0,850000.0,0.0,130000.0,980000.0000000002,2120000.0,-9700000.0,0.0,-17500000,-4.342432,1900000.0,0.471464,0.0,-7800000.0,-1.935484,180000.0,-7980000.0,-1.980149,-0.52294,-0.52294,15260000,15260000,https://www.sec.gov/Archives/edgar/data/17313/000101054901500197/0001010549-01-500197-index.html,https://www.sec.gov/Archives/edgar/data/17313/000101054901500197/capital10k33101body.txt
0,2000-03-31,CSWC,,,FY,3290000.0,460000.0,2830000.0,0.860182,0.0,810000.0,0.0,220000.0,1020000.0,1480000.0,-18730000,0.0,-35660000,-10.838906,1810000.0,0.550152,0.0,-16930000,-5.145897,140000.0,-17070000,-5.18845,-1.11861,-1.11861,15260000,15260000,,
0,1999-03-31,CSWC,,,FY,3810000.0,420000.0,3400000.0,0.892388,0.0,1110000.0,0.0,420000.0,1520000.0,1940000.0,-40240000,0.0,-78610000,-20.632546,1870000.0,0.490814,0.0,-38370000,-10.070866,110000.0,-38480000,-10.099738,-2.52163,-2.52163,15260000,15260000,,
0,1998-03-31,CSWC,,,FY,4830000.0,430000.0,4410000.0,0.913043,0.0,1210000.0,0.0,360000.0,1560000.0,1990000.0,75870000,0.0,154580000,32.004141,2840000.0,0.587992,0.0,78710000,16.296066,110000.0,78600000,16.273292,5.18812,5.18812,15150000,15150000,,
0,1997-03-31,CSWC,,,FY,4730000.0,640000.0,4100000.0,0.866808,0.0,1150000.0,0.0,250000.0,1389999.9999999998,2029999.9999999998,29610000,0.0,61930000,13.093023,2700000.0,0.570825,0.0,32310000,6.830867,130000.0,32190000,6.805497,2.13603,2.13603,15070000,15070000,,
0,1996-03-31,CSWC,1996-06-28 00:00:00,1996-06-28 00:00:00,FY,6180000.0,1700000.0,4480000.0,0.724919,0.0,1110000.0,0.0,430000.0,1550000.0,3250000.0,49920000,0.0,102780000,16.631068,2930000.0,0.47411,0.0,52850000,8.55178,80000.0,52780000,8.540453,3.50232,3.50232,15070000,15070000,https://www.sec.gov/Archives/edgar/data/17313/000101054996000133/0001010549-96-000133-index.html,https://www.sec.gov/Archives/edgar/data/17313/0001010549-96-000133.txt
