,date,symbol,fillingDate,acceptedDate,period,revenue,costOfRevenue,grossProfit,grossProfitRatio,researchAndDevelopmentExpenses,generalAndAdministrativeExpenses,sellingAndMarketingExpenses,otherExpenses,operatingExpenses,costAndExpenses,interestExpense,depreciationAndAmortization,ebitda,ebitdaratio,operatingIncome,operatingIncomeRatio,totalOtherIncomeExpensesNet,incomeBeforeTax,incomeBeforeTaxRatio,incomeTaxExpense,netIncome,netIncomeRatio,eps,epsdiluted,weightedAverageShsOut,weightedAverageShsOutDil,link,finalLink
0,2019-12-31,IBTX,2020-03-02 00:00:00,2020-03-02 16:58:32,FY,582933000,0.0,582933000,1.0,0.0,336669000,0.0,418000.0,484844000,175563000,148175000,24663000,419102000,0.441436176219,246264000,0.487886250215,0.0,246264000,0.487886250215,53528000,192736000,0.381839182022,4.48595,4.48595,42964390,42964390,https://www.sec.gov/Archives/edgar/data/1564618/000156461820000025/0001564618-20-000025-index.html,https://www.sec.gov/Archives/edgar/data/1564618/000156461820000025/a201910-k.htm
0,2018-12-31,IBTX,2019-02-28 00:00:00,2019-02-28 16:28:00,FY,368476000,81038000,368476000,1.0,0.0,208479000,0.0,0.0,289517000,117436000,81038000,14129999.999999998,255165000,0.484046074813,159997000,0.490409254196,0.0,159997000,0.490409254196,31738000,128259000,0.393128624499,4.3712,4.3712,29341840,29341840,https://www.sec.gov/Archives/edgar/data/1564618/000156461819000040/0001564618-19-000040-index.html,https://www.sec.gov/Archives/edgar/data/1564618/000156461819000040/a201810-k.htm
0,2017-12-31,IBTX,2018-02-27 00:00:00,2018-02-27 17:02:57,FY,306765000,42436000,306765000,1.0,0.0,185078000,0.0,0.0,227514000,100380000,42436000,12835000,176958000,0.494948733982,121687000,0.458369431742,0.0,121687000,0.458369431742,45175000,76512000,0.288204672327,3.00045,3.00045,25500150,25500150,https://www.sec.gov/Archives/edgar/data/1564618/000156461818000034/0001564618-18-000034-index.html,https://www.sec.gov/Archives/edgar/data/1564618/000156461818000034/a201710-k.htm
0,2016-12-31,IBTX,2017-03-08 00:00:00,2017-03-08 17:14:37,FY,203361000,26243000,203361000,1.0,0.0,123230000,0.0,205000.0,149473000,68726000,26243000,8727000.0,115101000,0.472612428321,80131000,0.435954212594,0.0,80131000,0.435954212594,26591000,53540000,0.291285376974,2.92805,2.92805,18285220,18285220,https://www.sec.gov/Archives/edgar/data/1564618/000156461817000039/0001564618-17-000039-index.html,https://www.sec.gov/Archives/edgar/data/1564618/000156461817000039/a201610-k.htm
0,2015-12-31,IBTX,2016-02-25 00:00:00,2016-02-25 16:26:17,FY,170226000,19929000,170226000,1.0,0.0,112429000,0.0,169000.0,132358000,62096000,19929000,7824999.999999999,85551000,0.415735441083,57797000,0.375066516113,0.0,57797000,0.375066516113,19011000,38786000,0.251696972057,2.27363,2.27363,17059080,17059080,https://www.sec.gov/Archives/edgar/data/1564618/000156461816000153/0001564618-16-000153-index.html,https://www.sec.gov/Archives/edgar/data/1564618/000156461816000153/a201510-k.htm
0,2014-12-31,IBTX,2015-02-27,2015-02-27 15:30:35,FY,137769000,15987000,137769000,1.0,0.0,93871000,0.0,232000.0,109858000,53618000,15987000,6566000.0,66451000,0.390366104152,43898000,0.353602642072,0.0,43898000,0.353602642072,14920000,28978000,0.233420596883,1.89312,1.89312,15307000,15307000,https://www.sec.gov/Archives/edgar/data/1564618/000156461815000035/a201410-k.htm,https://www.sec.gov/Archives/edgar/data/1564618/000156461815000035/a201410-k.htm
0,2013-12-31,IBTX,2014-03-27,2014-03-27 14:11:36,FY,85900000,12300000,85900000,1.0,0.0,61500000,0.0,485000.0,73800000,32539000,12300000,5000000.0,41761000,0.391563129729,24500000,0.326438284868,0.0,24500000,0.326438284868,4661000.0,19800000,0.264236050872,1.8,1.8,11000000,11000000,https://www.sec.gov/Archives/edgar/data/1564618/000156461814000035/a201310-k.htm,https://www.sec.gov/Archives/edgar/data/1564618/000156461814000035/a201310-k.htm
