,date,symbol,fillingDate,acceptedDate,period,revenue,costOfRevenue,grossProfit,grossProfitRatio,researchAndDevelopmentExpenses,generalAndAdministrativeExpenses,sellingAndMarketingExpenses,otherExpenses,operatingExpenses,costAndExpenses,interestExpense,depreciationAndAmortization,ebitda,ebitdaratio,operatingIncome,operatingIncomeRatio,totalOtherIncomeExpensesNet,incomeBeforeTax,incomeBeforeTaxRatio,incomeTaxExpense,netIncome,netIncomeRatio,eps,epsdiluted,weightedAverageShsOut,weightedAverageShsOutDil,link,finalLink
0,2019-12-31,IBKC,2020-03-02 00:00:00,2020-03-02 12:46:23,FY,1544368000,320362000,1224006000,0.792561,0.0,724413000,0.0,14448000,1044775000,411869000,320362000,16360000,836315000,43.4633139584,499593000,42.0851655294,0.0,499593000,42.0851655294,115438000,384155000,32.3607952152,7.22734,7.22734,53153000,53153000,https://www.sec.gov/Archives/edgar/data/933141/000162828020002657/0001628280-20-002657-index.html,https://www.sec.gov/Archives/edgar/data/933141/000162828020002657/a10-k123119document.htm
0,2018-12-31,IBKC,2019-02-22 00:00:00,2019-02-22 14:06:28,FY,1374191000,208381000,1165810000,0.848361,0.0,763283000,0.0,19088000,971664000,414741000,208381000,0.0,669653000,38.367459932,402527000,39.099271491,0.0,402527000,39.099271491,91023000,370249000,35.9639630889,6.68802,6.68802,55360000,55360000,https://www.sec.gov/Archives/edgar/data/933141/000162828019001746/0001628280-19-001746-index.html,https://www.sec.gov/Archives/edgar/data/933141/000162828019001746/a10-k123118document.htm
0,2017-12-31,IBKC,2018-02-23 00:00:00,2018-02-23 09:16:13,FY,1115930000,104937000,1010993000,0.905965,0.0,718114000,0.0,19008000,823051000,379527000,104937000,0.0,346793000,0.357009863435,292879000,0.3620948858,0.0,292879000,0.3620948858,99443000,142413000,0.176069363018,2.79285,2.79285,50992000,50992000,https://www.sec.gov/Archives/edgar/data/933141/000162828018002102/0001628280-18-002102-index.html,https://www.sec.gov/Archives/edgar/data/933141/000162828018002102/a10-k123117document.htm
0,2016-12-31,IBKC,2017-02-21 00:00:00,2017-02-21 11:10:50,FY,944656000,67701000,876955000,0.928333,0.0,604985000,0.0,10937000,672686000,331686000,67701000,10633000,350304000,0.365257424858,271970000,0.418906471895,0.0,271970000,0.418906471895,85193000,186777000,0.287686487852,4.54379,4.54379,41106000,41106000,https://www.sec.gov/Archives/edgar/data/933141/000162828017001492/0001628280-17-001492-index.html,https://www.sec.gov/Archives/edgar/data/933141/000162828017001492/a10-kx123116xibkc.htm
0,2015-12-31,IBKC,2016-02-29 00:00:00,2016-02-29 17:11:50,FY,867251000,59100000,808151000,0.931854,0.0,601213000,0.0,16653000,660313000,322586000,59100000,12017000,278055000,0.310612531008,206938000,0.352080277938,0.0,206938000,0.352080277938,64094000,142844000,0.243031996162,3.72863,3.72863,38310000,38310000,https://www.sec.gov/Archives/edgar/data/933141/000162828016011988/0001628280-16-011988-index.html,https://www.sec.gov/Archives/edgar/data/933141/000162828016011988/ibkc-20151231x10k.htm
0,2014-12-31,IBKC,2015-03-02,2015-03-02 15:57:39,FY,678400000,44700000,633700000,0.93411,0.0,492700000,0.0,13692000,537400000,259086000,44704000,0.0,185804000,0.325430167938,141100000,0.30470908107,0.0,141100000,0.30470908107,35700000,105400000,0.229183827381,3.35669,3.35669,31400000,31400000,https://www.sec.gov/Archives/edgar/data/933141/000119312515073184/d837275d10k.htm,https://www.sec.gov/Archives/edgar/data/933141/000119312515073184/d837275d10k.htm
0,2013-12-31,IBKC,2014-02-28,2014-02-28 15:18:12,FY,606200000,47000000,559200000,0.922468,0.0,477900000,0.0,0.0,524900000,244981000,46953000,19400000,147553000,0.208695072826,81300000,0.207490698127,0.0,81300000,0.207490698127,16100000,65100000,0.166826395793,2.23711,2.23711,29100000,29100000,https://www.sec.gov/Archives/edgar/data/933141/000119312514076928/d643274d10k.htm,https://www.sec.gov/Archives/edgar/data/933141/000119312514076928/d643274d10k.htm
0,2012-12-31,IBKC,2013-03-01 00:00:00,2013-03-01 11:35:53,FY,621300000,63500000,557800000,0.897795,0.0,452900000,0.0,0.0,516400000,233777000,63450000,21700000,190050000,0.15240340537,104900000,0.274763588736,0.0,104900000,0.274763588736,28500000,76400000,0.200117878193,2.63448,2.63448,29000000,29000000,https://www.sec.gov/Archives/edgar/data/933141/000119312513086692/0001193125-13-086692-index.html,https://www.sec.gov/Archives/edgar/data/933141/000119312513086692/d453686d10k.htm
0,2011-12-31,IBKC,2012-02-29 00:00:00,2012-02-29 17:03:06,FY,552300000,82100000,470200000,0.851349,0.0,399600000,0.0,66816000,481700000,193773000,82069000,16800000,169369000,0.113537595563,70500000,0.208476961373,0.0,70500000,0.208476961373,17000000,53500000,0.158275635757,1.87719,1.87719,28500000,28500000,https://www.sec.gov/Archives/edgar/data/933141/000119312512089478/0001193125-12-089478-index.html,https://www.sec.gov/Archives/edgar/data/933141/000119312512089478/d265026d10k.htm
0,2010-12-31,IBKC,2011-03-04,2011-03-04 16:43:10,FY,530200000,114700000,415500000,0.783667,0.0,346700000,0.0,0.0,461400000,0.0,-114744000,11000000,-34944000,0.0,68800000,0.0,0.0,68800000,0.0,20000000,48800000,0.0,1.92126,1.92126,25400000,25400000,https://www.sec.gov/Archives/edgar/data/933141/000119312511056325/d10k.htm,https://www.sec.gov/Archives/edgar/data/933141/000119312511056325/d10k.htm
0,2009-12-31,IBKC,2010-03-16 00:00:00,2010-03-16 15:44:52,FY,614900000,97600000,517300000,0.841275,0.0,268700000,0.0,0.0,366300000,0.0,-97602000,10400000,161498000,0.0,248700000,0.0,0.0,248700000,0.0,90300000,158400000,0.0,8.8,8.8,18000000,18000000,https://www.sec.gov/Archives/edgar/data/933141/000119312510058310/0001193125-10-058310-index.html,https://www.sec.gov/Archives/edgar/data/933141/000119312510058310/d10k.htm
0,2008-12-31,IBKC,2009-03-16 00:00:00,2009-03-16 17:19:28,FY,355700000,126200000,229500000,0.645207,0.0,173800000,0.0,20870000,300000000,3342000.0,-126183000,11300000,-59083000,3.5782771141398726,55800000,2.935431247697732,0.0,55800000,2.935431247697732,15900000,39900000,2.100299952639057,3.06923,3.06923,13000000,13000000,https://www.sec.gov/Archives/edgar/data/933141/000119312509055607/0001193125-09-055607-index.html,https://www.sec.gov/Archives/edgar/data/933141/000119312509055607/d10k.htm
0,2007-12-31,IBKC,2008-03-17,2008-03-17 16:38:12,FY,338800000,138700000,200100000,0.590614,0.0,141600000,0.0,14618000,280300000,3039000.0,-138727000,10800000,-69427000,3.925114208061065,58500000,3.3285144278031575,0.0,58500000,3.3285144278031575,17200000,41300000,2.38882784941884,3.27778,3.27778,12600000,12600000,https://www.sec.gov/Archives/edgar/data/933141/000119312508058911/d10k.htm,https://www.sec.gov/Archives/edgar/data/933141/000119312508058911/d10k.htm
0,2006-12-31,IBKC,2007-03-16,2007-03-16 11:41:52,FY,188800000,73800000,115000000,0.60911,0.0,64700000,0.0,0.0,138500000,0.0,73800000,5500000.0,129500000,0.0,50200000,0.0,0.0,50200000,0.0,14500000,35700000,0.0,3.57,3.57,10000000,10000000,https://www.sec.gov/Archives/edgar/data/933141/000119312507056664/d10k.htm,https://www.sec.gov/Archives/edgar/data/933141/000119312507056664/d10k.htm
0,2005-12-31,IBKC,2006-03-15,2006-03-15 15:55:12,FY,161400000,50500000,110900000,0.687113,0.0,81500000,0.0,0.0,132000000,0.0,-50531000,5200000.0,-15931000,0.0,29400000,0.0,0.0,29400000,0.0,7400000.0,22000000,0.0,2.2449,2.2449,9800000.0,9800000.0,https://www.sec.gov/Archives/edgar/data/933141/000119312506054978/d10k.htm,https://www.sec.gov/Archives/edgar/data/933141/000119312506054978/d10k.htm
0,2004-12-31,IBKC,2005-03-16,2005-03-16 09:18:51,FY,131800000,34000000,97800000,0.742033,0.0,58900000,0.0,0.0,92900000,0.0,-34080000,4300000.0,9120000.0,0.0,38900000,0.0,0.0,38900000,0.0,11600000,27300000,0.0,3.0,3.0,9100000.0,9100000.0,https://www.sec.gov/Archives/edgar/data/933141/000119312505052003/d10k.htm,https://www.sec.gov/Archives/edgar/data/933141/000119312505052003/d10k.htm
0,2003-12-31,IBKC,2004-03-15,2004-03-15 13:28:22,FY,119600000,28900000,90700000,0.758361,0.0,56900000,0.0,0.0,85800000,0.0,-29981000,4100000.0,7919000.0,0.0,33800000,0.0,0.0,33800000,0.0,10200000,23600000,0.0,2.74419,2.74419,8600000.0,8600000.0,https://www.sec.gov/Archives/edgar/data/933141/000119312504041928/d10k.htm,https://www.sec.gov/Archives/edgar/data/933141/000119312504041928/d10k.htm
0,2002-12-31,IBKC,,,FY,105500000,28000000,77500000,0.734597,0.0,50200000,0.0,0.0,78200000,0.0,28000000,3900000.0,59200000,0.0,27200000,0.0,0.0,27200000,0.0,8800000.0,18500000,0.0,2.43421,2.43421,7600000.0,7600000.0,,
0,2001-12-31,IBKC,,,FY,115500000,46000000,69500000,0.601732,0.0,46700000,0.0,0.0,92700000,0.0,46000000,6400000.0,75100000,0.0,22700000,0.0,0.0,22700000,0.0,8200000.0,14500000,0.0,1.88312,1.88312,7700000.0,7700000.0,,
0,2000-12-31,IBKC,,,FY,116700000,52700000,64000000,0.548415,0.0,43600000,0.0,0.0,96300000,0.0,52700000,6600000.0,79800000,0.0,20500000,0.0,0.0,20500000,0.0,7500000.0,13000000,0.0,1.71053,1.71053,7600000.0,7600000.0,,
0,1999-12-31,IBKC,,,FY,108700000,45400000,63300000,0.582337,0.0,47700000,0.0,0.0,93100000,0.0,45400000,6700000.0,67700000,0.0,15700000,0.0,0.0,15700000,0.0,6100000.0,9500000.0,0.0,1.21795,1.21795,7800000.0,7800000.0,,
0,1998-12-31,IBKC,,,FY,89500000,38500000,51000000,0.569832,0.0,34700000,0.0,0.0,73200000,0.0,38500000,4300000.0,59100000,0.0,16300000,0.0,0.0,16300000,0.0,6200000.0,10100000,0.0,1.24691,1.24691,8100000.0,8100000.0,,
0,1997-12-31,IBKC,,,FY,75400000,36100000,39300000,0.52122,0.0,30100000,0.0,0.0,66200000,0.0,36100000,3100000.0,48300000,0.0,9100000.0,0.0,0.0,9100000.0,0.0,3800000.0,5300000.0,0.0,0.65432,0.65432,8100000.0,8100000.0,,
0,1996-12-31,IBKC,,,FY,56500000,27100000,29400000,0.520354,0.0,21000000,0.0,0.0,48100000,0.0,27100000,1500000.0,37100000,0.0,8500000.0,0.0,0.0,8500000.0,0.0,3200000.0,5300000.0,0.0,0.64634,0.64634,8200000.0,8200000.0,,
