,date,symbol,fillingDate,acceptedDate,period,revenue,costOfRevenue,grossProfit,grossProfitRatio,researchAndDevelopmentExpenses,generalAndAdministrativeExpenses,sellingAndMarketingExpenses,otherExpenses,operatingExpenses,costAndExpenses,interestExpense,depreciationAndAmortization,ebitda,ebitdaratio,operatingIncome,operatingIncomeRatio,totalOtherIncomeExpensesNet,incomeBeforeTax,incomeBeforeTaxRatio,incomeTaxExpense,netIncome,netIncomeRatio,eps,epsdiluted,weightedAverageShsOut,weightedAverageShsOutDil,link,finalLink
0,2019-12-31,OTTW,2020-03-30 00:00:00,2020-03-30 15:31:26,FY,11169821,0.0,0.0,0.0,0.0,5618079.0,0.0,0.0,0.0,0.0,3099726.0,0.0,0.0,0.0,0.0,0.23839683733517306,0.0,2662850.0,0.23839683733517306,725503.0,1937347.0,0.1734447669304638,0.62,0.62,3124753.0,3124753.0,https://www.sec.gov/Archives/edgar/data/1675192/000143774920006509/0001437749-20-006509-index.html,https://www.sec.gov/Archives/edgar/data/1675192/000143774920006509/ottb20191231_10k.htm
0,2018-12-31,OTTW,2019-03-28 00:00:00,2019-03-28 14:19:06,FY,10676089,0.0,0.0,0.0,0.0,5206482.0,0.0,0.0,0.0,0.0,1980625.0,0.0,0.0,0.0,0.0,0.2504214792514375,0.0,2673522.0,0.2504214792514375,679216.0,1994306.0,0.18680117784705616,0.62,0.61,3216623.0,3269354.0,https://www.sec.gov/Archives/edgar/data/1675192/000143774919005887/0001437749-19-005887-index.html,https://www.sec.gov/Archives/edgar/data/1675192/000143774919005887/ottb20181231_10k.htm
0,2017-12-31,OTTW,2018-03-28 00:00:00,2018-03-28 16:07:33,FY,10076080,0.0,0.0,0.0,0.0,5117918.0,0.0,0.0,0.0,0.0,1044867.0,0.0,0.0,0.0,0.0,0.23002725266174942,0.0,2317773.0,0.23002725266174942,1503749.0,814024.0,0.08078776667116577,0.25,0.25,3256096.0,3256096.0,https://www.sec.gov/Archives/edgar/data/1675192/000143774918005696/0001437749-18-005696-index.html,https://www.sec.gov/Archives/edgar/data/1675192/000143774918005696/ottb20171231_10k.htm
0,2016-12-31,OTTW,2017-03-29 00:00:00,2017-03-29 15:54:14,FY,9315063.0,0.0,0.0,0.0,0.0,4487205.0,0.0,0.0,0.0,0.0,856443.0,0.0,0.0,0.0,0.0,0.199772347218693,0.0,1860892.0,0.199772347218693,599794.0,1261098.0,0.13538265924771523,0.43,0.42,2932786.0,3002614.0,https://www.sec.gov/Archives/edgar/data/1675192/000143774917005502/0001437749-17-005502-index.html,https://www.sec.gov/Archives/edgar/data/1675192/000143774917005502/ottb20161231_10k.htm
