,date,symbol,fillingDate,acceptedDate,period,revenue,costOfRevenue,grossProfit,grossProfitRatio,researchAndDevelopmentExpenses,generalAndAdministrativeExpenses,sellingAndMarketingExpenses,otherExpenses,operatingExpenses,costAndExpenses,interestExpense,depreciationAndAmortization,ebitda,ebitdaratio,operatingIncome,operatingIncomeRatio,totalOtherIncomeExpensesNet,incomeBeforeTax,incomeBeforeTaxRatio,incomeTaxExpense,netIncome,netIncomeRatio,eps,epsdiluted,weightedAverageShsOut,weightedAverageShsOutDil,link,finalLink
0,2018-12-31,DXF,2019-05-15,Not found...,FY,141857000,26451000,115406000,0.813538,0.0,22162000,-261000.0,66904000,89656000,116107000,3847000.0,818000.0,29222000,0.205996,25750000,0.181521,438000.0,26188000,0.184608,18033000,6524000.0,0.04599,0.00652,0.00652,1000171840,1000171840,https://www.sec.gov/Archives/edgar/data/1499494/000147793219002772/dxf_20f.htm,https://www.sec.gov/Archives/edgar/data/1499494/000147793219002772/dxf_20f.htm
0,2017-12-31,DXF,2018-04-30,Not found...,FY,119639000,38140000,81499000,0.681208,0.0,29858000,-482000.0,3580000.0,34111999.99999999,72252000,5862000.0,441000.0,47792000,0.399468,47387000,0.396083,815000.0,48202000,0.402895,14636000,26853000,0.22445,0.1137,0.1137,236180070,236180070,https://www.sec.gov/Archives/edgar/data/1499494/000147793218002101/dxf_20f.htm,https://www.sec.gov/Archives/edgar/data/1499494/000147793218002101/dxf_20f.htm
0,2016-12-31,DXF,2017-04-27,Not found...,FY,0.0,0.0,0.0,-0.36820192557897474,0.0,3963000.0,-33018000,0.0,3437000.0,3437000.0,0.0,4323000.0,-340966000,-1.2641165755919854,-3437000.0,-1.3046578194119178,0.0,-3437000.0,-1.2940931563882383,0.0,-345289000,-1.2940931563882383,-1.51631,-1.51631,227716690,227716690,https://www.sec.gov/Archives/edgar/data/1499494/000147793217001932/xny_20f.htm,https://www.sec.gov/Archives/edgar/data/1499494/000147793217001932/xny_20f.htm
0,2015-12-31,DXF,2016-04-29,Not found...,FY,0.0,0.0,0.0,-0.5697214981478941,0.0,3762000.0,-41596000,0.0,1986000.0,1986000.0,0.0,5951000.000000001,-594388000,-1.1597064069145286,-1986000.0,-1.193798875017149,0.0,-1986000.0,-1.155480861572232,0.0,-600339000,-1.0395115928110852,-2.63634,-2.63634,227716690,227716690,https://www.sec.gov/Archives/edgar/data/1499494/000147793216009975/xny_20f.htm,https://www.sec.gov/Archives/edgar/data/1499494/000147793216009975/xny_20f.htm
0,2014-12-31,DXF,2015-04-28,Not found...,FY,0.0,0.0,0.0,0.2741348391773818,0.0,5498000.0,-26780000,0.0,4412000.0,4412000.0,0.0,5919000.000000001,-164757000,-0.27617230722270975,-4412000.0,-0.30465107405852954,0.0,-4412000.0,-0.2772635354267618,0.0,-170676000,-0.34461444541951236,-0.74951,-0.74951,227716690,227716690,https://www.sec.gov/Archives/edgar/data/1499494/000147793215002774/xny_20f.htm,https://www.sec.gov/Archives/edgar/data/1499494/000147793215002774/xny_20f.htm
0,2013-12-31,DXF,2014-04-10,Not found...,FY,1320820000,932639000,388181000,0.293894,0.0,271475000,-39456000,0.0,251984000.00000003,1184623000,0.0,5154000.0,141351000,0.107018,136197000,0.103115,0.0,136197000,0.103115,39030000,97167000,0.073566,0.10668,0.10668,910866770,910866770,https://www.sec.gov/Archives/edgar/data/1499494/000147793214001634/xny_20f.htm,https://www.sec.gov/Archives/edgar/data/1499494/000147793214001634/xny_20f.htm
0,2012-12-31,DXF,2013-04-03,Not found...,FY,1383700000,922300000,461400000,0.333454,0.0,244600000,-34371000,0.0,225700000.00000006,1148000000,0.0,4800000.0,240500000,0.173809,235700000,0.17034,0.0,235700000,0.17034,60200000,175500000,0.126834,0.19113,0.19113,918200000,918200000,https://www.sec.gov/Archives/edgar/data/1499494/000129281413000672/xnyform20f_2012.htm,https://www.sec.gov/Archives/edgar/data/1499494/000129281413000672/xnyform20f_2012.htm
0,2011-12-31,DXF,2012-04-03,Not found...,FY,1180000000,775100000,404900000,0.343136,0.0,95400000,-11464000,0.0,70799999.99999996,845900000,0.0,1600000.0,335700000,0.284492,334100000,0.283136,0.0,334100000,0.283136,82400000,251700000,0.213305,1.08585,1.08585,231800000,231800000,https://www.sec.gov/Archives/edgar/data/1499494/000119312512147131/d328959d20f.htm,https://www.sec.gov/Archives/edgar/data/1499494/000119312512147131/d328959d20f.htm
0,2010-12-31,DXF,,,FY,899300000,589200000,310000000,0.344713,0.0,22100000,0.0,0.0,21299999.999999955,610500000,0.0,400000.0,289100000,0.321472,288800000,0.321139,0.0,288800000,0.321139,36400000,252300000,0.280552,1.24041,1.24041,203400000,203400000,,
