,date,symbol,fillingDate,acceptedDate,period,revenue,costOfRevenue,grossProfit,grossProfitRatio,researchAndDevelopmentExpenses,generalAndAdministrativeExpenses,sellingAndMarketingExpenses,otherExpenses,operatingExpenses,costAndExpenses,interestExpense,depreciationAndAmortization,ebitda,ebitdaratio,operatingIncome,operatingIncomeRatio,totalOtherIncomeExpensesNet,incomeBeforeTax,incomeBeforeTaxRatio,incomeTaxExpense,netIncome,netIncomeRatio,eps,epsdiluted,weightedAverageShsOut,weightedAverageShsOutDil,link,finalLink
0,2019-12-31,OMF,2020-02-14 00:00:00,2020-02-14 08:06:10,FY,3814000000,0.0,0.0,0.0,0.0,993000000,0.0,0.0,0.0,0.0,970000000,0.0,0.0,0.0,0.0,0.2878867330886209,0.0,1098000000,0.2878867330886209,243000000,855000000,0.22417409543786052,6.282092,6.27,136101156,136300000,https://www.sec.gov/Archives/edgar/data/25598/000158420720000011/0001584207-20-000011-index.html,https://www.sec.gov/Archives/edgar/data/25598/000158420720000011/omf-20191231.htm
0,2018-12-31,OMF,2019-02-15 00:00:00,2019-02-15 07:45:28,FY,3366000000,0.0,0.0,0.0,0.0,1095000000,0.0,0.0,0.0,0.0,875000000,0.0,0.0,0.0,0.0,0.18538324420677363,0.0,624000000,0.18538324420677363,177000000,447000000,0.13279857397504458,3.290823,3.29,135832278,136000000,https://www.sec.gov/Archives/edgar/data/1584207/000158420719000005/0001584207-19-000005-index.html,https://www.sec.gov/Archives/edgar/data/1584207/000158420719000005/omh-20181231x10kdocument.htm
0,2017-12-31,OMF,2018-02-21 00:00:00,2018-02-21 06:09:36,FY,2969000000,0.0,0.0,0.0,0.0,941000000,0.0,0.0,0.0,0.0,816000000,0.0,0.0,0.0,0.0,0.14516672280229034,0.0,431000000,0.14516672280229034,248000000,183000000,0.06163691478612327,1.35,1.35,135249314,135678991,https://www.sec.gov/Archives/edgar/data/1584207/000158420718000009/0001584207-18-000009-index.html,https://www.sec.gov/Archives/edgar/data/1584207/000158420718000009/omh-20171231x10k.htm
0,2016-12-31,OMF,2017-02-21 00:00:00,2017-02-21 17:06:47,FY,2877000000,0.0,0.0,0.0,0.0,955000000,0.0,0.0,0.0,0.0,856000000,0.0,0.0,0.0,0.0,0.12374000695168579,0.0,356000000,0.12374000695168579,113000000,215000000,0.07473062217587766,1.6,1.59,134718588,135135860,https://www.sec.gov/Archives/edgar/data/1584207/000158420717000008/0001584207-17-000008-index.html,https://www.sec.gov/Archives/edgar/data/1584207/000158420717000008/omh-20161231x10k.htm
0,2015-12-31,OMF,2016-02-29 00:00:00,2016-02-29 09:29:39,FY,1477000000,0.0,0.0,0.0,0.0,581000000,0.0,0.0,0.0,0.0,715000000,0.0,0.0,0.0,0.0,-0.18212593094109683,0.0,-269000000,-0.18212593094109683,-147000000,-242000000,-0.16384563303994584,-1.72,-1.72,127910680,127910680,https://www.sec.gov/Archives/edgar/data/1584207/000158420716000065/0001584207-16-000065-index.html,https://www.sec.gov/Archives/edgar/data/1584207/000158420716000065/omh-20151231x10k.htm
0,2014-12-31,OMF,2015-03-16,2015-03-16 14:51:44,FY,2161290000,0.0,0.0,0.0,0.0,435449000,0.0,-15033000,0.0,0.0,734022000,0.0,0.0,0.0,0.0,0.418498211716151,0.0,904496000,0.418498211716151,297046000,504636000,0.23348833335646765,4.4,4.38,114791225,115265123,https://www.sec.gov/Archives/edgar/data/1584207/000158420715000013/shi-20141231x10k.htm,https://www.sec.gov/Archives/edgar/data/1584207/000158420715000013/shi-20141231x10k.htm
0,2013-12-31,OMF,2014-04-15,2014-04-15 06:16:30,FY,1423050000,0.0,0.0,0.0,0.0,528799000,0.0,6055000.0,0.0,0.0,919749000,0.0,0.0,0.0,0.0,0.05450054460489793,0.0,77557000,0.05450054460489793,-16185000,-19301000,-0.013563121464460138,-0.31,-0.31,102917172,102917172,https://www.sec.gov/Archives/edgar/data/1584207/000110465914027655/a14-3050_110k.htm,https://www.sec.gov/Archives/edgar/data/1584207/000110465914027655/a14-3050_110k.htm
