,date,symbol,fillingDate,acceptedDate,period,revenue,costOfRevenue,grossProfit,grossProfitRatio,researchAndDevelopmentExpenses,generalAndAdministrativeExpenses,sellingAndMarketingExpenses,otherExpenses,operatingExpenses,costAndExpenses,interestExpense,depreciationAndAmortization,ebitda,ebitdaratio,operatingIncome,operatingIncomeRatio,totalOtherIncomeExpensesNet,incomeBeforeTax,incomeBeforeTaxRatio,incomeTaxExpense,netIncome,netIncomeRatio,eps,epsdiluted,weightedAverageShsOut,weightedAverageShsOutDil,link,finalLink
0,2020-06-30,GEC,2020-09-18,,FY,64098000,26808000,37290000,0.581765,0.0,5602000.0,0.0,20852000,36623000,63431000,-13755000,12504000,-14182000,-0.221255,667000.0,0.010406,5000.0,-13083000,-0.204109,44000.0,-12975000,-0.202424,-0.51047,-0.51047,25418000,25418000,https://www.sec.gov/Archives/edgar/data/1082506/000156459020043896/0001564590-20-043896-index.htm,https://www.sec.gov/Archives/edgar/data/1082506/000156459020043896/gec-10k_20200630.htm
0,2019-06-30,GEC,2019-09-27 00:00:00,2019-09-27 16:21:42,FY,51180000,22170000,29010000,0.566823,0.0,7404000.0,0.0,20127000,33314000,55484000,6250000.0,9233000.0,10567000,0.206467,-4304000.0,-0.084095,1000.0,-9050000.0,-0.176827,-2008000.0,-2908000.0,-0.056819,-0.11535,-0.11535,25210000,25210000,https://www.sec.gov/Archives/edgar/data/1082506/000156459019035765/0001564590-19-035765-index.html,https://www.sec.gov/Archives/edgar/data/1082506/000156459019035765/gec-10k_20190630.htm
0,2018-06-30,GEC,2018-09-13 00:00:00,2018-09-13 17:02:39,FY,5935000.0,8581000.0,-2646000.0,-0.44583,0.0,6699000.0,0.0,15280000,7823000.0,16404000,1071000.0,1124000.0,-9201000.0,-1.550295,-10469000,-1.763943,5000.0,-11670000,-1.966302,-329000.0,-11067000,-1.864701,-0.45586,-0.45586,24277000,24277000,https://www.sec.gov/Archives/edgar/data/1082506/000156459018023113/0001564590-18-023113-index.html,https://www.sec.gov/Archives/edgar/data/1082506/000156459018023113/gec-10k_20180630.htm
0,2017-06-30,GEC,2017-09-19 00:00:00,2017-09-18 17:48:57,FY,4927000.0,4779000.0,148000.0,0.030039,0.0,4413000.0,0.0,5119000.0,4753000.0,9532000.0,6321000.0,340000.0,-9756000.0,-1.98011,-4605000.0,-0.934646,84000.0,-18650000,-3.785265,-1210000.0,-15207000,-3.086462,-0.92539,-0.92539,16433000,16433000,https://www.sec.gov/Archives/edgar/data/1082506/000156459017018750/0001564590-17-018750-index.html,https://www.sec.gov/Archives/edgar/data/1082506/000156459017018750/gec-10k_20170630.htm
0,2016-06-30,GEC,2016-09-14 00:00:00,2016-09-14 06:31:00,FY,0.0,0.0,0.0,1.0,0.0,9835000.0,0.0,0.0,9835000.0,9835000.0,4947000.0,63000.0,9329000.0,-0.3559047464765916,-9835000.0,-0.3823100599384416,233000.0,-14543000,-0.5889761866191479,-5103000.0,9422000.0,0.3815810788919488,1.00106,1.00106,9412000.0,9412000.0,https://www.sec.gov/Archives/edgar/data/1082506/000155837016008344/0001558370-16-008344-index.html,https://www.sec.gov/Archives/edgar/data/1082506/000155837016008344/gec-20160630x10k.htm
0,2015-06-30,GEC,2015-09-14 00:00:00,2015-09-14 17:15:59,FY,0.0,0.0,0.0,1.0,0.0,8040000.0,0.0,31071000,8040000.0,8040000.0,4332000.0,107000.0,-37156000,-8.22907880133,-8040000.0,-8.34517203108,268000.0,-12032000,-9.23129855716,164000.0,-41759000,-9.26947835738,-4.43678,-4.43678,9412000.0,9412000.0,https://www.sec.gov/Archives/edgar/data/1082506/000119312515319576/0001193125-15-319576-index.html,https://www.sec.gov/Archives/edgar/data/1082506/000119312515319576/d95734d10k.htm
0,2014-06-30,GEC,2014-09-12 00:00:00,2014-09-12 16:06:50,FY,0.0,0.0,0.0,1.0,0.0,5700000.0,0.0,23017000,5700000.0,5700000.0,3697000.0,100000.0,1097000.0,0.101000109902,-5700000.0,0.0935267611825,600000.0,-8700000.0,0.0124464226838,-3100000.0,400000.0,0.0118969117485,0.04444,0.04444,9000000.0,9000000.0,https://www.sec.gov/Archives/edgar/data/1082506/000119312514340360/0001193125-14-340360-index.html,https://www.sec.gov/Archives/edgar/data/1082506/000119312514340360/d752386d10k.htm
0,2013-06-30,GEC,2013-09-09 00:00:00,2013-09-09 16:11:35,FY,100000.0,0.0,0.0,1.0,0.0,37800000,109000.0,16281000,39600000,39600000,34000.0,280000.0,-47286000,-472.86,-39500000,-395.0,-300000.0,-39600000,-396.0,0.0,-47600000,-476.0,-6.26316,-6.26316,7600000.0,7600000.0,https://www.sec.gov/Archives/edgar/data/1082506/000119312513361433/0001193125-13-361433-index.html,https://www.sec.gov/Archives/edgar/data/1082506/000119312513361433/d541761d10k.htm
0,2012-06-30,GEC,2012-09-07 00:00:00,2012-09-06 20:59:03,FY,15100000,0.0,0.0,1.0,0.0,21400000,614000.0,13089000,24000000,24000000,434000.0,4010000.0,17744000,1.175099,-9000000.0,-0.596026,-400000.0,-9400000.0,-0.622517,-1300000.0,14600000,0.966887,2.02778,2.02778,7200000.0,7200000.0,https://www.sec.gov/Archives/edgar/data/1082506/000119312512383484/0001193125-12-383484-index.html,https://www.sec.gov/Archives/edgar/data/1082506/000119312512383484/d385019d10k.htm
0,2011-06-30,GEC,2011-09-06 00:00:00,2011-09-02 20:26:38,FY,4000000.0,0.0,0.0,0.5926414051148856,0.0,9100000.0,46529000,4252000.0,11400000,11400000,466000.0,6900000.0,-27734000,-6.9335,-7300000.0,-1.825,-800000.0,-8000000.0,-2.0,100000.0,-35200000,-8.8,-5.02857,-5.02857,7000000.0,7000000.0,https://www.sec.gov/Archives/edgar/data/1082506/000119312511240409/0001193125-11-240409-index.html,https://www.sec.gov/Archives/edgar/data/1082506/000119312511240409/d10k.htm
0,2010-06-30,GEC,2010-09-07 00:00:00,2010-09-07 16:31:44,FY,0.0,0.0,0.0,0.6055514336839349,0.0,7400000.0,43096000,5133000.0,11900000,11900000,590000.0,7110000.0,1800000.0,-0.0014784183651202374,-11900000,-0.04026644263082093,-200000.0,-11900000,-0.04041919434382228,0.0,-5900000.0,-0.03195238510889015,-0.84286,-0.84286,7000000.0,7000000.0,https://www.sec.gov/Archives/edgar/data/1082506/000119312510205721/0001193125-10-205721-index.html,https://www.sec.gov/Archives/edgar/data/1082506/000119312510205721/d10k.htm
0,2009-06-30,GEC,2009-09-09 00:00:00,2009-09-09 16:47:25,FY,191700000,74900000,116800000,0.609285,46400000,75300000,42474000,69238000,190900000,265800000,1175000.0,9880000.0,-71845000,-0.374778,-74100000,-0.386541,-12800000,-84500000,-0.440793,3000000.0,-85900000,-0.448096,-12.44928,-12.44928,6900000.0,6900000.0,https://www.sec.gov/Archives/edgar/data/1082506/000119312509189401/0001193125-09-189401-index.html,https://www.sec.gov/Archives/edgar/data/1082506/000119312509189401/d10k.htm
0,2008-06-30,GEC,2008-09-15 00:00:00,2008-09-15 16:44:09,FY,200900000,89400000,111500000,0.555002,50800000,112100000,65174000,13747000,176600000,266000000,5041000.0,19690000,6131000.0,0.030518,-65200000,-0.32454,-2400000.0,-61500000,-0.306122,3300000.0,-21900000,-0.109009,-3.17391,-3.17391,6900000.0,6900000.0,https://www.sec.gov/Archives/edgar/data/1082506/000119312508196071/0001193125-08-196071-index.html,https://www.sec.gov/Archives/edgar/data/1082506/000119312508196071/d10k.htm
0,2007-06-30,GEC,2007-08-29 00:00:00,2007-08-29 16:50:16,FY,242800000,110100000,132700000,0.54654,62400000,167400000,99648000,38997000,257900000,368000000,4995000.0,29170000,-157235000,-0.647591,-125100000,-0.515239,1300000.0,-107000000,-0.440692,5200000.0,-196600000,-0.80972,-26.21333,-26.21333,7500000.0,7500000.0,https://www.sec.gov/Archives/edgar/data/1082506/000119312507191883/0001193125-07-191883-index.html,https://www.sec.gov/Archives/edgar/data/1082506/000119312507191883/d10k.htm
0,2006-06-30,GEC,2006-12-01,2006-12-01 16:06:33,FY,296300000,97300000,199100000,0.671954,69300000,173200000,122966000,-1748000.0,235599999.99999997,332899999.99999994,5144000.0,22880000,35424000,0.119555,-36600000,-0.123523,-2300000.0,-28100000,-0.094836,2200000.0,5200000.0,0.01755,0.75362,0.75362,6900000.0,6900000.0,https://www.sec.gov/Archives/edgar/data/1082506/000119312506245304/d10k.htm,https://www.sec.gov/Archives/edgar/data/1082506/000119312506245304/d10k.htm
0,2005-06-30,GEC,2005-09-12,2005-09-12 16:20:28,FY,383600000,120000000,263600000,0.687174,95900000,148900000,97693000,78550000,318200000,438200000,5233000.0,19740000,-29027000,-0.07567,-54500000,-0.142075,300000.0,-54000000,-0.140772,8800000.0,-62800000,-0.163712,-11.21429,-11.21429,5600000.0,5600000.0,https://www.sec.gov/Archives/edgar/data/1082506/000119312505183904/d10k.htm,https://www.sec.gov/Archives/edgar/data/1082506/000119312505183904/d10k.htm
0,2004-06-30,GEC,2004-09-13 00:00:00,2004-09-10 20:55:47,FY,290800000,81400000,209400000,0.720083,94500000,133600000,97765000,5845000.0,230499999.99999997,311899999.99999994,4163000.0,23160000,6123000.0,0.021056,-21100000,-0.072558,-200000.0,-21100000,-0.072558,9300000.0,-30500000,-0.104883,-5.86538,-5.86538,5200000.0,5200000.0,https://www.sec.gov/Archives/edgar/data/1082506/000119312504155133/0001193125-04-155133-index.html,https://www.sec.gov/Archives/edgar/data/1082506/000119312504155133/d10k.htm
0,2003-06-30,GEC,2003-08-28 00:00:00,2003-08-28 14:38:58,FY,268000000,77800000,190200000,0.709701,115100000,165900000,115199000,107719000,388500000,466300000,5900000.0,35080000,-165020000,-0.615746,-198400000,-0.740299,1100000.0,-191400000,-0.714179,11000000,-217000000,-0.809701,-44.28571,-44.28571,4900000.0,4900000.0,https://www.sec.gov/Archives/edgar/data/1082506/000119312503043227/0001193125-03-043227-index.html,https://www.sec.gov/Archives/edgar/data/1082506/000119312503043227/d10k.htm
0,2002-06-30,GEC,2002-09-30 00:00:00,2002-09-30 16:23:26,FY,364800000,117000000,247800000,0.679276,135100000,232400000,161046000,1189277000,1502200000,1619200000,12300000,553690000,-676910000,-1.855565,-1254300000,-3.438322,-900000.0,-1242900000,-3.407072,17900000,-1260800000,-3.45614,-262.66667,-262.66667,4800000.0,4800000.0,https://www.sec.gov/Archives/edgar/data/1082506/000101287002003928/0001012870-02-003928-index.html,https://www.sec.gov/Archives/edgar/data/1082506/000101287002003928/d10k.htm
0,2001-06-30,GEC,2001-09-28 00:00:00,2001-09-28 00:00:00,FY,469100000,91600000,377500000,0.804732,135000000,219100000,0.0,0.0,1080200000,1171800000,25800000,657160000,5960000.0,0.012705,-702800000,-1.498188,0.0,-677000000,-1.443189,13000000,-690000000,-1.470902,-150.0,-150.0,4600000.0,4600000.0,https://www.sec.gov/Archives/edgar/data/1082506/000101287001502084/0001012870-01-502084-index.html,https://www.sec.gov/Archives/edgar/data/1082506/000101287001502084/d10k.txt
0,2000-06-30,GEC,,,FY,148300000,40500000,107800000,0.726905,59900000,102700000,0.0,0.0,417200000,457700000,23200000,225430000,-37670000,-0.254012,-309500000,-2.086986,0.0,-286200000,-1.929872,2000000.0,-288300000,-1.944032,-73.92308,-73.92308,3900000.0,3900000.0,,
