,date,symbol,fillingDate,acceptedDate,period,revenue,costOfRevenue,grossProfit,grossProfitRatio,researchAndDevelopmentExpenses,generalAndAdministrativeExpenses,sellingAndMarketingExpenses,otherExpenses,operatingExpenses,costAndExpenses,interestExpense,depreciationAndAmortization,ebitda,ebitdaratio,operatingIncome,operatingIncomeRatio,totalOtherIncomeExpensesNet,incomeBeforeTax,incomeBeforeTaxRatio,incomeTaxExpense,netIncome,netIncomeRatio,eps,epsdiluted,weightedAverageShsOut,weightedAverageShsOutDil,link,finalLink
0,2019-12-31,CIVB,2020-03-16,2020-03-16 16:03:59,FY,107543000,0.0,107543000,1.0,0.0,67982000,1411000.0,7877000.0,80936000,9288000.0,12954000,3185000.0,55700000,15.052087181381603,39561000,14.614333210195788,0.0,39561000,14.614333210195788,5683000.0,33878000,12.51496121167344,2.01036,2.01036,15980188,15980188,https://www.sec.gov/Archives/edgar/data/944745/000156459020011146/0001564590-20-011146-index.htm,https://www.sec.gov/Archives/edgar/data/944745/000156459020011146/civb-10k_20191231.htm
0,2018-12-31,CIVB,2019-03-15,2019-03-15 09:18:22,FY,84238000,7570000.0,76668000,0.9101355682708516,0.0,67459000,1182000.0,7202000.0,75029000,37665000,7570000.0,1880999.9999999998,26230000,0.279758573222,16779000,0.253815783503,0.0,16779000,0.253815783503,2640000.0,14139000,0.213880527024,1.02045,1.02045,12853636,12853636,https://www.sec.gov/Archives/edgar/data/944745/000156459019007947/0001564590-19-007947-index.htm,https://www.sec.gov/Archives/edgar/data/944745/000156459019007947/civb-10k_20181231.htm
0,2017-12-31,CIVB,2018-03-08,2018-03-08 16:17:30,FY,70836000,4092000.0,66744000,0.9422327630018634,0.0,48604000,817000.0,6088000.0,52696000,29839000,4092000.0,1835000.0,28159000,0.435763825181,22232000,0.40791163627,0.0,22232000,0.40791163627,6360000.0,15872000,0.291218670874,1.28491,1.28491,12758.0,12758.0,https://www.sec.gov/Archives/edgar/data/944745/000156459018004931/0001564590-18-004931-index.htm,https://www.sec.gov/Archives/edgar/data/944745/000156459018004931/civb-10k_20171231.htm
0,2016-12-31,CIVB,2017-03-15,2017-03-15 16:17:38,FY,66391000,3308000.0,63083000,0.9501739693633173,0.0,42555000,0.0,-920000.0,45863000,26022000,3308000.0,1956000.0,29100000,0.516603991325,23836000,0.474263316023,0.0,23836000,0.474263316023,6619000.0,17217000,0.342565510655,1.57219,1.57219,-17217000,-17217000,https://www.sec.gov/Archives/edgar/data/944745/000119312517083654/0001193125-17-083654-index.htm,https://www.sec.gov/Archives/edgar/data/944745/000119312517083654/d484526d10k.htm
0,2015-12-31,CIVB,2016-03-15,2016-03-15 16:57:50,FY,61670000,3309000.0,58361000,0.9463434408950867,0.0,44144000,0.0,-1755000.0,47453000,24341000,3309000.0,1904000.0,22739000,0.413255401756,17526000,0.369809250506,0.0,17526000,0.369809250506,4781000.0,12745000,0.268927245105,1.1673,1.1673,8921495.0,8921495.0,https://www.sec.gov/Archives/edgar/data/944745/000119312516505302/0001193125-16-505302-index.htm,https://www.sec.gov/Archives/edgar/data/944745/000119312516505302/d71175d10k.htm
0,2014-12-31,CIVB,2015-03-13,2015-03-13 16:26:18,FY,55740000,4100000.0,51640000,0.9264442052386078,0.0,43050000,0.0,-1150000.0,47150000,23062000,4100000.0,1944999.9999999998,18737000,0.276978932786,12690000,0.227583241771,0.0,12690000,0.327664453256,3162000.0,9530000.0,0.227583241771,0.87431,0.87431,9676000.0,9676000.0,https://www.sec.gov/Archives/edgar/data/944745/000119312515091249/0001193125-15-091249-index.htm,https://www.sec.gov/Archives/edgar/data/944745/000119312515091249/d854051d10k.htm
0,2013-12-31,CIVB,2014-03-14,2014-03-14 16:23:58,FY,52030000,4910000.0,47120000,0.9056313665193158,0.0,44480000,634000.0,6527000.0,49390000,25604000,4910000.0,2360000.0,14823000,0.291489468154,7550000.0,0.18892279982,0.0,7550000.0,0.18892279982,1373000.0,6180000.0,0.154575474058,0.79028,0.79028,9506153.0,9506153.0,https://www.sec.gov/Archives/edgar/data/944745/000119312514100081/0001193125-14-100081-index.htm,https://www.sec.gov/Archives/edgar/data/944745/000119312514100081/d659346d10k.htm
0,2012-12-31,CIVB,2013-03-19,2013-03-19 15:32:41,FY,51780000,6180000.0,45600000,0.880648899188876,0.0,44470000,625000.0,5792000.0,50650000,974000.0,6180000.0,2460000.0,15945000,0.289762925723,7300000.0,0.179999014244,0.0,7300000.0,0.179999014244,1725000.0,5580000.0,0.13748829415,0.72374,0.72374,7707917000,7707917000,https://www.sec.gov/Archives/edgar/data/944745/000119312513115009/0001193125-13-115009-index.htm,https://www.sec.gov/Archives/edgar/data/944745/000119312513115009/d467811d10k.htm
0,2011-12-31,CIVB,2012-03-15,2012-03-15 10:14:34,FY,51380000,7500000.0,43880000,0.8540288049824835,0.0,46570000,640000.0,5632000.0,54070000,6272000.0,7500000.0,2710000.0,15020000,50.35971223021583,4810000.0,34.568345323741006,0.0,4810000.0,34.568345323741006,850000.0,3960000.0,28.47482014388489,0.51362,0.51362,10994444,10994444,https://www.sec.gov/Archives/edgar/data/944745/000119312512116392/0001193125-12-116392-index.htm,https://www.sec.gov/Archives/edgar/data/944745/000119312512116392/d284904d10k.htm
0,2010-12-31,CIVB,2011-03-16,2011-03-16 10:07:49,FY,50620000,10460000,40160000,0.7933623073883841,0.0,53720000,630000.0,5092000.0,64180000,5722000.0,10460000,2810000.0,10170000,-13.778301886792454,-3100000.0,-14.617924528301886,0.0,-3100000.0,-14.617924528301886,-1830000.0,-1270000.0,-5.981132075471698,-0.16472,-0.16472,7707917000,7707917000,https://www.sec.gov/Archives/edgar/data/944745/000095012311025789/0000950123-11-025789-index.htm,https://www.sec.gov/Archives/edgar/data/944745/000095012311025789/l41932e10vk.htm
0,2009-12-31,CIVB,2010-03-16,2010-03-16 10:22:07,FY,49900000,14920000,34980000,0.701002004008016,0.0,48490000,0.0,6153000.0,63410000,6153000.0,14920000,3100000.0,19443000,1.7866666666666666,1420000.0,18.906666666666666,0.0,1420000.0,18.906666666666666,-237000.0,1660000.0,22.066666666666666,0.2153,0.2153,7707917000,7707917000,https://www.sec.gov/Archives/edgar/data/944745/000095012310025020/0000950123-10-025020-index.htm,https://www.sec.gov/Archives/edgar/data/944745/000095012310025020/l38940e10vk.htm
0,2008-12-31,CIVB,2009-03-16,2009-03-16 16:55:49,FY,50150000,21780000,28370000,0.5657028913260219,0.0,87760000,0.0,6463000.0,109540000,6463000.0,21780000,3410000.0,-12421000,-196.1865284974093,-37610000,-194.86528497409327,0.0,-37610000,-194.86528497409327,1369000.0,-38980000,-201.95854922279793,-5.05577,-5.05577,7707917000,7707917000,https://www.sec.gov/Archives/edgar/data/944745/000095015209002687/0000950152-09-002687-index.htm,https://www.sec.gov/Archives/edgar/data/944745/000095015209002687/l35738ae10vk.htm
0,2007-12-31,CIVB,2008-03-17,2008-03-17 16:49:23,FY,37090000,20370000,16720000,0.45079536263143705,0.0,27180000,0.0,4664000.0,47550000,4664000.0,20370000,1680000.0000000002,31953000,862.0,9900000.0,899.8181818181819,0.0,9900000.0,899.8181818181819,3013000.0,6890000.0,625.9090909090909,1.25045,1.25045,5505023000,5505023000,https://www.sec.gov/Archives/edgar/data/944745/000095015208002027/0000950152-08-002027-index.htm,https://www.sec.gov/Archives/edgar/data/944745/000095015208002027/l30328ae10vk.htm
0,2006-12-31,CIVB,2007-03-16,2007-03-16 16:13:49,FY,36930000,15620000,21310000,0.5770376387760628,0.0,28110000,0.0,4672000.0,43730000,4672000.0,15620000,1550000.0,25996000,440.8,8830000.0,441.3,0.0,8830000.0,441.3,2666000.0,6160000.0,308.0,1.11594,1.11594,5520692000,5520692000,https://www.sec.gov/Archives/edgar/data/944745/000095015207002227/0000950152-07-002227-index.htm,https://www.sec.gov/Archives/edgar/data/944745/000095015207002227/l23591ae10vk.htm
0,2005-12-31,CIVB,2006-03-16,2006-03-16 10:40:14,FY,38690000,11590000,27100000,0.7004393900232618,0.0,29050000,0.0,4084000.0,40640000,4084000.0,11590000,1740000.0,22964000,113.12903225806451,9630000.0,103.58064516129032,0.0,9630000.0,103.58064516129032,2974000.0,6660000.0,71.60215053763442,1.1463,1.1463,5804361000,5804361000,https://www.sec.gov/Archives/edgar/data/944745/000095015206002166/0000950152-06-002166-index.htm,https://www.sec.gov/Archives/edgar/data/944745/000095015206002166/l17857ae10vk.htm
0,2004-12-31,CIVB,2005-03-16,2005-03-16 15:43:39,FY,32900000,8160000.0,24740000,0.7519756838905776,0.0,26170000,0.0,4048000.0,34330000,4048000.0,8160000.0,1530000.0,16424000,44.615894039735096,6740000.0,44.615894039735096,0.0,6740000.0,44.615894039735096,1924000.0,4810000.0,31.874172185430464,0.92146,0.92146,5211904000,5211904000,https://www.sec.gov/Archives/edgar/data/944745/000095015205002212/0000950152-05-002212-index.htm,https://www.sec.gov/Archives/edgar/data/944745/000095015205002212/l12565ae10vk.htm
0,2003-12-31,CIVB,2004-03-15 00:00:00,2004-03-15 12:07:31,FY,32570000,8420000.0,32570000,1.0,0.0,24870000,0.0,0.0,33290000,0.0,8420000.0,1800000.0,17930000,0.0,7710000.0,0.0,0.0,7710000.0,0.0,2140000.0,5570000.0,0.0,1.10516,1.10516,5040000.0,5040000.0,https://www.sec.gov/Archives/edgar/data/944745/000095015204001930/0000950152-04-001930-index.html,https://www.sec.gov/Archives/edgar/data/944745/000095015204001930/l05629ae10vk.txt
0,2002-12-31,CIVB,,,FY,31110000,11720000,31110000,1.0,0.0,21070000,0.0,0.0,32790000,0.0,11720000,1360000.0,23130000,0.0,10040000,0.0,0.0,10040000,0.0,2920000.0,7130000.0,0.0,1.48233,1.48233,4810000.0,4810000.0,,
0,2001-12-31,CIVB,,,FY,26020000,15450000,26020000,1.0,0.0,18730000,0.0,0.0,34180000,0.0,15450000,1180000.0,23900000,0.0,7280000.0,0.0,0.0,7280000.0,0.0,1980000.0,5290000.0,0.0,1.29657,1.29657,4080000.0,4080000.0,,
0,2000-12-31,CIVB,,,FY,24090000,15760000,24090000,1.0,0.0,16280000,0.0,0.0,32040000,0.0,15760000,1360000.0,24940000,0.0,7820000.0,0.0,0.0,7820000.0,0.0,2130000.0,5690000.0,0.0,1.38443,1.38443,4110000.0,4110000.0,,
0,1999-12-31,CIVB,,,FY,23470000,15130000,23470000,1.0,0.0,15040000,0.0,0.0,30170000,0.0,15130000,1270000.0,24830000,0.0,8430000.0,0.0,0.0,8430000.0,0.0,2370000.0,6060000.0,0.0,1.42925,1.42925,4240000.0,4240000.0,,
0,1998-12-31,CIVB,,,FY,23140000,17300000,23140000,1.0,0.0,15040000,0.0,0.0,32340000,0.0,17300000,929999.9999999999,26320000,0.0,8090000.0,0.0,0.0,8090000.0,0.0,2330000.0,5760000.0,0.0,1.35211,1.35211,4260000.0,4260000.0,,
0,1997-12-31,CIVB,,,FY,21330000,16670000,21330000,1.0,0.0,15320000,0.0,0.0,31990000,0.0,16670000,1230000.0,23900000,0.0,6000000.0,0.0,0.0,6000000.0,0.0,1560000.0,4440000.0,0.0,1.04225,1.04225,4260000.0,4260000.0,,
0,1996-12-31,CIVB,,,FY,20130000,15860000,20130000,1.0,0.0,12630000,0.0,0.0,28490000,0.0,15860000,929999.9999999999,24290000,0.0,7500000.0,0.0,0.0,7500000.0,0.0,1930000.0,5570000.0,0.0,1.30751,1.30751,4260000.0,4260000.0,,
