,date,symbol,fillingDate,acceptedDate,period,revenue,costOfRevenue,grossProfit,grossProfitRatio,researchAndDevelopmentExpenses,generalAndAdministrativeExpenses,sellingAndMarketingExpenses,otherExpenses,operatingExpenses,costAndExpenses,interestExpense,depreciationAndAmortization,ebitda,ebitdaratio,operatingIncome,operatingIncomeRatio,totalOtherIncomeExpensesNet,incomeBeforeTax,incomeBeforeTaxRatio,incomeTaxExpense,netIncome,netIncomeRatio,eps,epsdiluted,weightedAverageShsOut,weightedAverageShsOutDil,link,finalLink
0,2017-12-31,ALIDS.PA,2017-12-31,2017-12-31,FY,916000.0,2255000.0,-1339000.0,-1.4617903930131004,0.0,0.0,0.0,-217000.0,42000.0,2966000.0,7000.0,264000.0,1359000.0,1.4836244541484715,-2050000.0,1.2117903930131004,0.0,1110000.0,1.2117903930131004,388000.0,0.0,0.0,0.81,0.81,898128.0,898128.0,https://www.infogreffe.com/recherche-entreprise-dirigeants/resultats-entreprise-dirigeants.html?ga_cat=globale&ga_q=A.L.I.D.S#phrase=A.L.I.D.S,https://www.infogreffe.com/recherche-entreprise-dirigeants/resultats-entreprise-dirigeants.html?ga_cat=globale&ga_q=A.L.I.D.S#phrase=A.L.I.D.S
0,2016-12-31,ALIDS.PA,2016-12-31,2016-12-31,FY,1007000.0,2171000.0,-1164000.0,-1.1559086395233367,0.0,0.0,0.0,-249000.0,-455000.0,2446000.0,10000.0,260000.0,4669000.0,4.636544190665343,-1439000.0,3.781529294935452,0.0,3808000.0,3.781529294935452,827000.0,0.0,0.0,2.745711,2.745711,898128.0,898128.0,https://www.infogreffe.com/recherche-entreprise-dirigeants/resultats-entreprise-dirigeants.html?ga_cat=globale&ga_q=A.L.I.D.S#phrase=A.L.I.D.S,https://www.infogreffe.com/recherche-entreprise-dirigeants/resultats-entreprise-dirigeants.html?ga_cat=globale&ga_q=A.L.I.D.S#phrase=A.L.I.D.S
0,2015-12-31,ALIDS.PA,2015-12-31,2015-12-31,FY,994000.0,2379000.0,-1385000.0,-1.3933601609657948,0.0,0.0,0.0,-856000.0,-240000.0,2773000.0,6000.0,238000.0,1184000.0,1.1911468812877264,-1779000.0,0.9466800804828974,0.0,941000.0,0.9466800804828974,0.0,0.0,0.0,0.668998,0.668998,889390.0,889390.0,https://www.infogreffe.com/recherche-entreprise-dirigeants/resultats-entreprise-dirigeants.html?ga_cat=globale&ga_q=A.L.I.D.S#phrase=A.L.I.D.S,https://www.infogreffe.com/recherche-entreprise-dirigeants/resultats-entreprise-dirigeants.html?ga_cat=globale&ga_q=A.L.I.D.S#phrase=A.L.I.D.S
0,2014-12-31,ALIDS.PA,2014-12-31,2014-12-31,FY,870000.0,2239000.0,-1369000.0,-1.5735632183908046,0.0,0.0,0.0,-500000.0,-426000.0,2350000.0,2000.0,161000.0,1858000.0,2.135632183908046,-1480000.0,2.0160919540229885,0.0,1754000.0,2.0160919540229885,171000.0,0.0,0.0,1.77115,1.77115,891511.0,891511.0,https://www.infogreffe.com/recherche-entreprise-dirigeants/resultats-entreprise-dirigeants.html?ga_cat=globale&ga_q=A.L.I.D.S#phrase=A.L.I.D.S,https://www.infogreffe.com/recherche-entreprise-dirigeants/resultats-entreprise-dirigeants.html?ga_cat=globale&ga_q=A.L.I.D.S#phrase=A.L.I.D.S
0,2013-12-31,ALIDS.PA,2013-12-31,2013-12-31,FY,846000.0,2247000.0,-1401000.0,-1.6560283687943262,0.0,0.0,0.0,-142000.0,-461000.0,2376000.0,29000.0,184000.0,8193000.0,9.684397163120567,-1530000.0,2.773049645390071,0.0,2346000.0,2.773049645390071,-10000.0,0.0,0.0,1.499794,1.499794,906791.0,906791.0,https://www.infogreffe.com/recherche-entreprise-dirigeants/resultats-entreprise-dirigeants.html?ga_cat=globale&ga_q=A.L.I.D.S#phrase=A.L.I.D.S,https://www.infogreffe.com/recherche-entreprise-dirigeants/resultats-entreprise-dirigeants.html?ga_cat=globale&ga_q=A.L.I.D.S#phrase=A.L.I.D.S
0,2012-12-31,ALIDS.PA,2012-12-31,2012-12-31,FY,1879000.0,2758000.0,-879000.0,-0.46780202235231505,0.0,0.0,0.0,0.0,196000.0,3392000.0,0.0,282000.0,-1024000.0,-0.5449707291112293,-1513000.0,0.39063331559340075,0.0,734000.0,0.39063331559340075,12000.0,683000.0,0.3634912187333688,0.7604706678780753,0.7604706678780753,898128.0,898128.0,https://www.infogreffe.com/recherche-entreprise-dirigeants/resultats-entreprise-dirigeants.html?ga_cat=globale&ga_q=A.L.I.D.S#phrase=A.L.I.D.S,https://www.infogreffe.com/recherche-entreprise-dirigeants/resultats-entreprise-dirigeants.html?ga_cat=globale&ga_q=A.L.I.D.S#phrase=A.L.I.D.S
0,2011-12-31,ALIDS.PA,2011-12-31,2011-12-31,FY,2404000.0,1837000.0,567000.0,0.2358569051580699,0.0,0.0,0.0,0.0,1131000.0,4232000.0,0.0,0.0,-1714000.0,-0.7129783693843594,-1828000.0,-0.05906821963394343,0.0,-142000.0,-0.05906821963394343,-29000.0,-102000.0,-0.042429284525790346,-0.11,-0.11,917885.0,917885.0,https://www.infogreffe.com/recherche-entreprise-dirigeants/resultats-entreprise-dirigeants.html?ga_cat=globale&ga_q=A.L.I.D.S#phrase=A.L.I.D.S,https://www.infogreffe.com/recherche-entreprise-dirigeants/resultats-entreprise-dirigeants.html?ga_cat=globale&ga_q=A.L.I.D.S#phrase=A.L.I.D.S
0,2010-12-31,ALIDS.PA,2010-12-31,2010-12-31,FY,2167000.0,298000.0,1869000.0,0.8624826949700046,0.0,2717000.0,2717000.0,0.0,978000.0,6680000.0,58000.0,356000.0,-2372000.0,-1.0946008306414399,-4513000.0,-1.4111675126903553,0.0,-3058000.0,-1.4111675126903553,18000.0,-3076000.0,-1.4194739270881402,-3.36,-3.36,915607.0,915607.0,https://www.infogreffe.com/recherche-entreprise-dirigeants/resultats-entreprise-dirigeants.html?ga_cat=globale&ga_q=A.L.I.D.S#phrase=A.L.I.D.S,https://www.infogreffe.com/recherche-entreprise-dirigeants/resultats-entreprise-dirigeants.html?ga_cat=globale&ga_q=A.L.I.D.S#phrase=A.L.I.D.S
0,2009-12-31,ALIDS.PA,2009-12-31,2009-12-31,FY,2060000.0,282000.0,1778000.0,0.8631067961165049,0.0,5482000.0,5482000.0,0.0,1272000.0,10195000,11000.0,710000.0,-5076000.0,-2.4640776699029128,-8135000.0,-3.0310679611650486,0.0,-6244000.0,-3.0310679611650486,-1506000.0,-4738000.0,-2.3,-4.95,-4.95,917016.0,917016.0,https://www.infogreffe.com/recherche-entreprise-dirigeants/resultats-entreprise-dirigeants.html?ga_cat=globale&ga_q=A.L.I.D.S#phrase=A.L.I.D.S,https://www.infogreffe.com/recherche-entreprise-dirigeants/resultats-entreprise-dirigeants.html?ga_cat=globale&ga_q=A.L.I.D.S#phrase=A.L.I.D.S
