,date,symbol,fillingDate,acceptedDate,period,revenue,costOfRevenue,grossProfit,grossProfitRatio,researchAndDevelopmentExpenses,generalAndAdministrativeExpenses,sellingAndMarketingExpenses,otherExpenses,operatingExpenses,costAndExpenses,interestExpense,depreciationAndAmortization,ebitda,ebitdaratio,operatingIncome,operatingIncomeRatio,totalOtherIncomeExpensesNet,incomeBeforeTax,incomeBeforeTaxRatio,incomeTaxExpense,netIncome,netIncomeRatio,eps,epsdiluted,weightedAverageShsOut,weightedAverageShsOutDil,link,finalLink
0,2019-12-31,MMC,2020-02-20 00:00:00,2020-02-20 16:43:56,FY,16652000000,9734000000,6918000000,0.4154455921210665,0.0,9734000000,0.0,265000000,4241000000,13975000000,524000000,0.0,3628000000,0.2178717271198655,2677000000,0.14646889262551044,247000000,2439000000,0.14646889262551044,666000000,1742000000,0.10461205861157818,3.44,3.41,506000000,511000000,https://www.sec.gov/Archives/edgar/data/62709/000006270920000010/0000062709-20-000010-index.html,https://www.sec.gov/Archives/edgar/data/62709/000006270920000010/mmc1231201910k.htm
0,2018-12-31,MMC,2019-02-21 00:00:00,2019-02-21 16:24:23,FY,14950000000,8605000000,6345000000,0.42441471571906353,0.0,8605000000,0.0,215000000,3584000000,12189000000,290000000,0.0,3481000000,0.2328428093645485,2761000000,0.15010033444816054,-238000000,2244000000,0.15010033444816054,574000000,1650000000,0.11036789297658862,3.26,3.23,506000000,511000000,https://www.sec.gov/Archives/edgar/data/62709/000006270919000010/0000062709-19-000010-index.html,https://www.sec.gov/Archives/edgar/data/62709/000006270919000010/mmc1231201810k.htm
0,2017-12-31,MMC,2018-02-22 00:00:00,2018-02-22 16:18:46,FY,14024000000,7884000000,6140000000,0.43782087849401025,0.0,7884000000,0.0,201000000,3284000000,11168000000,237000000,0.0,3346000000,0.23859098687963493,2856000000,0.1884626354820308,15000000,2643000000,0.1884626354820308,1133000000,1492000000,0.10638904734740445,2.91,2.87,513000000,519000000,https://www.sec.gov/Archives/edgar/data/62709/000006270918000007/0000062709-18-000007-index.html,https://www.sec.gov/Archives/edgar/data/62709/000006270918000007/mmc1231201710k.htm
0,2016-12-31,MMC,2017-02-24 00:00:00,2017-02-24 14:08:14,FY,13211000000,7461000000,5750000000,0.43524335780788737,0.0,7461000000,0.0,0.0,3086000000,10547000000,189000000,0.0,3107000000,0.23518280221027932,2664000000,0.18772235258496708,0.0,2480000000,0.18772235258496708,685000000,1768000000,0.13382787071379912,3.41,3.38,519000000,524000000,https://www.sec.gov/Archives/edgar/data/62709/000006270917000008/0000062709-17-000008-index.html,https://www.sec.gov/Archives/edgar/data/62709/000006270917000008/mmc1231201610k.htm
0,2015-12-31,MMC,2016-02-24 00:00:00,2016-02-24 15:51:04,FY,12893000000,7334000000,5559000000,0.4311641976266191,0.0,7334000000,0.0,0.0,3140000000,10474000000,163000000,0.0,2855000000,0.22143798960676336,2419000000,0.17893430543705888,38000000,2307000000,0.17893430543705888,671000000,1599000000,0.12402078647328008,3.01,2.98,531000000,536000000,https://www.sec.gov/Archives/edgar/data/62709/000006270916000040/0000062709-16-000040-index.html,https://www.sec.gov/Archives/edgar/data/62709/000006270916000040/mmc1231201510k.htm
0,2014-12-31,MMC,2015-02-26,2015-02-26 15:14:36,FY,12951000000,7515000000,5436000000,0.4197359277275886,0.0,7515000000,0.0,0.0,3135000000,10650000000,165000000,0.0,2710000000,0.2092502509458729,2301000000,0.15882943402053895,-100000000,2057000000,0.15882943402053895,586000000,1465000000,0.11311867809435565,2.69,2.65,545000000,553000000,https://www.sec.gov/Archives/edgar/data/62709/000006270915000005/mmc-1231201410k.htm,https://www.sec.gov/Archives/edgar/data/62709/000006270915000005/mmc-1231201410k.htm
0,2013-12-31,MMC,2014-02-27,2014-02-27 15:12:00,FY,12261000000,7226000000,5035000000,0.4106516597341163,0.0,7226000000,0.0,0.0,2958000000,10184000000,167000000,0.0,2453000000,0.20006524753282767,2077000000,0.16091672783622868,45000000,1973000000,0.16091672783622868,594000000,1357000000,0.11067612755892668,2.47,2.43,549000000,558000000,https://www.sec.gov/Archives/edgar/data/62709/000006270914000008/mmc-1231201310k.htm,https://www.sec.gov/Archives/edgar/data/62709/000006270914000008/mmc-1231201310k.htm
0,2012-12-31,MMC,2013-02-27 00:00:00,2013-02-27 14:38:58,FY,11924000000,7134000000,4790000000,0.4017108352901711,0.0,7134000000,0.0,0.0,2961000000,10095000000,181000000,0.0,2202000000,0.18466957396846695,1829000000,0.14223414961422343,24000000,1696000000,0.14223414961422343,492000000,1176000000,0.09862462260986246,2.16,2.13,544000000,552000000,https://www.sec.gov/Archives/edgar/data/62709/000006270913000004/0000062709-13-000004-index.html,https://www.sec.gov/Archives/edgar/data/62709/000006270913000004/mmc-1231201210k.htm
0,2011-12-31,MMC,2012-02-28 00:00:00,2012-02-28 16:38:19,FY,11526000000,0.0,11526000000,1.0,0.0,6969000000,0.0,0.0,2919000000,9888000000,199000000,0.0,1998000000,0.17334721499219158,1638000000,0.12181155648099948,-63000000,1404000000,0.12181155648099948,422000000,993000000,0.08615304528891203,1.82,1.79,542000000,551000000,https://www.sec.gov/Archives/edgar/data/62709/000006270912000016/0000062709-12-000016-index.html,https://www.sec.gov/Archives/edgar/data/62709/000006270912000016/mmc-1231201110k.htm
0,2010-12-31,MMC,2011-02-28,2011-02-25 18:23:55,FY,10550000000,0.0,10550000000,1.0,0.0,6465000000,0.0,0.0,3146000000,9611000000,233000000,0.0,1316000000,0.124739336492891,939000000,0.0728909952606635,43000000,769000000,0.0728909952606635,204000000,855000000,0.08104265402843602,1.56,1.55,540000000,544000000,https://www.sec.gov/Archives/edgar/data/62709/000119312511047795/d10k.htm,https://www.sec.gov/Archives/edgar/data/62709/000119312511047795/d10k.htm
0,2009-12-31,MMC,2010-02-26 00:00:00,2010-02-26 15:34:52,FY,10493000000,0.0,10493000000,1.0,0.0,6484000000,0.0,0.0,3185000000,9669000000,241000000,0.0,1206000000,0.11493376536738778,824000000,0.026970361193176404,-317000000,283000000,0.026970361193176404,41000000,227000000,0.021633469932335843,0.45,0.45,522000000,524000000,https://www.sec.gov/Archives/edgar/data/62709/000119312510042765/0001193125-10-042765-index.html,https://www.sec.gov/Archives/edgar/data/62709/000119312510042765/d10k.htm
0,2008-12-31,MMC,2009-02-27 00:00:00,2009-02-27 15:33:14,FY,11587000000,0.0,0.0,0.0,0.0,10784000000,0.0,0.0,540000000,11324000000,0.0,0.0,1219000000,0.10520410805212739,263000000,0.006817985673599724,-552000000,79000000,0.006817985673599724,137000000,-73000000,-0.0063001639768706305,-0.14,-0.14,514000000,514000000,https://www.sec.gov/Archives/edgar/data/62709/000119312509040859/0001193125-09-040859-index.html,https://www.sec.gov/Archives/edgar/data/62709/000119312509040859/d10k.htm
0,2007-12-31,MMC,2008-02-29,2008-02-29 13:55:02,FY,11350000000,0.0,0.0,0.0,0.0,10331000000,0.0,0.0,0.0,10331000000,0.0,0.0,1461000000,0.12872246696035242,1019000000,0.07462555066079295,0.0,847000000,0.07462555066079295,295000000,2475000000,0.21806167400881057,4.6,4.53,539000000,546000000,https://www.sec.gov/Archives/edgar/data/62709/000119312508043337/d10k.htm,https://www.sec.gov/Archives/edgar/data/62709/000119312508043337/d10k.htm
0,2006-12-31,MMC,2007-03-01,2007-03-01 16:43:30,FY,11921000000,7113000000,4808000000,0.4033218689707239,0.0,3350000000,0.0,0.0,0.0,10463000000,0.0,0.0,1946000000,0.1632413388138579,1458000000,0.10225652210385035,0.0,1219000000,0.10225652210385035,388000000,990000000,0.08304672426809831,1.8,1.76,549000000,557000000,https://www.sec.gov/Archives/edgar/data/62709/000120677407000563/fscmarsh_10k.htm,https://www.sec.gov/Archives/edgar/data/62709/000120677407000563/fscmarsh_10k.htm
0,2005-12-31,MMC,2006-03-02,2006-03-01 20:57:52,FY,11652000000,3811000000,7841000000,0.6729316855475455,0.0,6945000000,0.0,0.0,40000000,10796000000,0.0,0.0,1203000000,0.10324407826982493,856000000,0.04900446275317542,143000000,571000000,0.04900446275317542,192000000,404000000,0.03467215928595949,0.75,0.74,538000000,543000000,https://www.sec.gov/Archives/edgar/data/62709/000114544306000555/d18669_10k.htm,https://www.sec.gov/Archives/edgar/data/62709/000114544306000555/d18669_10k.htm
0,2004-12-31,MMC,,,FY,12159000000,0.0,0.0,0.0,0.0,11511000000,0.0,0.0,0.0,11511000000,0.0,0.0,1104000000,0.09079694053787318,648000000,0.037338596924089154,0.0,454000000,0.037338596924089154,259000000,176000000,0.014474874578501521,0.33,0.33,526000000,535000000,,
0,2003-12-31,MMC,,,FY,11588000000,9092000000,2496000000,0.21539523645150155,0.0,0.0,0.0,0.0,0.0,9092000000,0.0,0.0,2887000000,0.2491370383154988,2496000000,0.2015015533310321,0.0,2335000000,0.2015015533310321,770000000,1540000000,0.13289609941318606,2.89,2.81,533000000,548000000,,
0,2002-12-31,MMC,,,FY,10440000000,8166000000,2274000000,0.217816091954023,0.0,0.0,0.0,0.0,0.0,8166000000,0.0,0.0,2633000000,0.2522030651340996,2274000000,0.2043103448275862,0.0,2133000000,0.2043103448275862,747000000,1365000000,0.1307471264367816,2.52,2.45,541000000,557000000,,
0,2001-12-31,MMC,2002-03-29 00:00:00,2002-03-29 00:00:00,FY,9943000000,8180000000,1763000000,0.17731067082369506,0.0,0.0,0.0,0.0,0.0,8180000000,0.0,0.0,2283000000,0.22960876998893695,1763000000,0.15991149552448958,0.0,1590000000,0.15991149552448958,599000000,974000000,0.09795836266720306,1.77,1.695,550000000,572000000,https://www.sec.gov/Archives/edgar/data/62709/000093041302001103/0000930413-02-001103-index.html,https://www.sec.gov/Archives/edgar/data/62709/000093041302001103/c23478_10k-.txt
0,2000-12-31,MMC,2001-03-29 00:00:00,2001-03-29 00:00:00,FY,10157000000,7490000000,2667000000,0.2625775327360441,0.0,0.0,0.0,0.0,0.0,7978000000,0.0,488000000,2667000000,0.2625775327360441,2179000000,0.1904105542975288,0.0,1934000000,0.1904105542975288,753000000,1181000000,0.11627449049916314,2.175,2.05,544000000,568000000,https://www.sec.gov/Archives/edgar/data/62709/000091205701505365/0000912057-01-505365-index.html,https://www.sec.gov/Archives/edgar/data/62709/000091205701505365/a2041744z10-k.txt
0,1999-12-31,MMC,,,FY,9157000000,7298000000,1859000000,0.20301408758326964,0.0,0.0,0.0,0.0,0.0,7698000000,0.0,400000000,1859000000,0.20301408758326964,1459000000,0.1361799716064213,0.0,1247000000,0.1361799716064213,521000000,726000000,0.07928360816861417,1.38,1.31,526000000,544000000,,
0,1998-12-31,MMC,,,FY,7190000000,5519000000,1671000000,0.23240611961057023,0.0,0.0,0.0,0.0,0.0,5770000000,0.0,251000000,1646000000,0.22892906815020864,1420000000,0.18150208623087621,25000000,1305000000,0.18150208623087621,509000000,796000000,0.11070931849791377,1.555,1.49,512000000,528000000,,
0,1997-12-31,MMC,,,FY,6008600000,5064700000,943900000,0.15709150218020837,0.0,0.0,0.0,0.0,0.0,5263800000,0.0,199100000,919900000,0.15309722730752587,744800000,0.11024198648603668,24000000,662400000,0.11024198648603668,263000000,399400000,0.06647139100622441,0.816667,0.796667,489000000,501600000,,
0,1996-12-31,MMC,1997-03-31 00:00:00,1997-03-31 00:00:00,FY,4149000000,3293800000,855200000,0.20612195709809591,0.0,0.0,0.0,0.0,0.0,3433700000,0.0,139900000,840900000,0.20267534345625451,715300000,0.16100265124126295,14300000,668000000,0.16100265124126295,208700000,459300000,0.11070137382501807,1.056667,1.056667,434400000,442822086,https://www.sec.gov/Archives/edgar/data/62709/000100547797000915/0001005477-97-000915-index.html,https://www.sec.gov/Archives/edgar/data/62709/0001005477-97-000915.txt
0,1995-12-31,MMC,,,FY,3770300000,2940300000,830000000,0.2201416332917805,0.0,0.0,0.0,0.0,0.0,3075400000,0.0,135100000,812300000,0.2154470466541124,694900000,0.17234702808795055,17700000,649800000,0.17234702808795055,246900000,402900000,0.10686152295573297,0.921667,0.921667,437400000,437400000,,
0,1994-12-31,MMC,1995-03-28 00:00:00,1995-03-28 00:00:00,FY,3435000000,2644100000,790900000,0.23024745269286753,0.0,0.0,0.0,0.0,0.0,2764700000,0.0,120600000,779100000,0.22681222707423582,670300000,0.18384279475982532,11800000,631500000,0.18384279475982532,249500000,371500000,0.1081513828238719,0.841667,0.841667,441600000,441600000,https://www.sec.gov/Archives/edgar/data/62709/000091205795001755/0000912057-95-001755-index.html,https://www.sec.gov/Archives/edgar/data/62709/0000912057-95-001755.txt
