,date,symbol,fillingDate,acceptedDate,period,revenue,costOfRevenue,grossProfit,grossProfitRatio,researchAndDevelopmentExpenses,generalAndAdministrativeExpenses,sellingAndMarketingExpenses,otherExpenses,operatingExpenses,costAndExpenses,interestExpense,depreciationAndAmortization,ebitda,ebitdaratio,operatingIncome,operatingIncomeRatio,totalOtherIncomeExpensesNet,incomeBeforeTax,incomeBeforeTaxRatio,incomeTaxExpense,netIncome,netIncomeRatio,eps,epsdiluted,weightedAverageShsOut,weightedAverageShsOutDil,link,finalLink
0,2017-12-31,PBSK,2018-04-10,2018-04-10 15:50:13,FY,18818000,0.0,0.0,0.0,0.0,12462000,397000.0,0.0,0.0,0.0,2847000.0,339000.0,0.0,0.0,0.0,-0.14874056754171538,0.0,-2799000.0,-0.14874056754171538,69000.0,-2868000.0,-0.15240726963545542,-0.84,-0.84,3387910.0,3387910.0,https://www.sec.gov/Archives/edgar/data/1511071/000114420418019933/0001144204-18-019933-index.htm,https://www.sec.gov/Archives/edgar/data/1511071/000114420418019933/tv483779_10k.htm
0,2016-12-31,PBSK,2017-03-27 00:00:00,2017-03-27 17:27:08,FY,19707000,0.0,0.0,0.0,0.0,11502000,324000.0,0.0,0.0,0.0,2420000.0,347000.0,0.0,0.0,2427000.0,0.12315420916425636,0.0,2427000.0,0.12315420916425636,632000.0,1795000.0,0.09108438625868981,0.5,0.5,3541374.0,3564336.0,https://www.sec.gov/Archives/edgar/data/1511071/000114420417016870/0001144204-17-016870-index.html,https://www.sec.gov/Archives/edgar/data/1511071/000114420417016870/v456576_10k.htm
0,2015-12-31,PBSK,2016-03-30 00:00:00,2016-03-30 14:40:41,FY,20808000,0.0,0.0,0.0,0.0,10537000,185000.0,0.0,0.0,0.0,2210000.0,343000.0,0.0,0.0,4148000.0,0.19934640522875818,0.0,4148000.0,0.19934640522875818,971000.0,3177000.0,0.152681660899654,0.87,0.87,3585160.0,3588998.0,https://www.sec.gov/Archives/edgar/data/1511071/000114420416091365/0001144204-16-091365-index.html,https://www.sec.gov/Archives/edgar/data/1511071/000114420416091365/v430113_10k.htm
0,2014-12-31,PBSK,2015-04-02 00:00:00,2015-04-02 09:02:44,FY,18158000,0.0,0.0,0.0,0.0,9350000.0,207000.0,0.0,0.0,0.0,2164000.0,264000.0,0.0,0.0,2458000.0,0.1353673312038771,0.0,2458000.0,0.1353673312038771,612000.0,1846000.0,0.10166317876418107,0.52,0.52,3423811.0,3423811.0,https://www.sec.gov/Archives/edgar/data/1511071/000114420415020782/0001144204-15-020782-index.html,https://www.sec.gov/Archives/edgar/data/1511071/000114420415020782/v404853_10k.htm
0,2013-12-31,PBSK,2014-03-28,2014-03-28 16:39:50,FY,0.0,0.0,0.0,0.0,0.0,0.0,0.0,0.0,0.0,0.0,0.0,0.0,-144000.0,0.0,-144000.0,0.0,0.0,-144000.0,0.0,16000.0,-160000.0,0.0,0.0,0.0,0.0,0.0,https://www.sec.gov/Archives/edgar/data/1511071/000114420414018804/0001144204-14-018804-index.htm,https://www.sec.gov/Archives/edgar/data/1511071/000114420414018804/v371253_10kt.htm
0,2013-09-30,PBSK,2013-12-20 00:00:00,2013-12-20 10:23:09,FY,11688000,0.0,0.0,0.0,0.0,5313000.0,123000.0,0.0,0.0,0.0,2328000.0,0.0,0.0,0.0,3039000.0,0.26001026694045176,0.0,3039000.0,0.26001026694045176,883000.0,2156000.0,0.18446269678302532,0.69,0.69,3102436.0,3102436.0,https://www.sec.gov/Archives/edgar/data/1511071/000114420413068315/0001144204-13-068315-index.html,https://www.sec.gov/Archives/edgar/data/1511071/000114420413068315/v362793_10k.htm
0,2012-09-30,PBSK,2012-12-19 00:00:00,2012-12-19 12:43:07,FY,11172000,0.0,0.0,0.0,0.0,5353000.0,280000.0,0.0,0.0,0.0,3253000.0,0.0,0.0,0.0,1986000.0,0.17776584317937702,0.0,1986000.0,0.17776584317937702,407000.0,1579000.0,0.14133548156104547,0.51,0.51,3105137.0,3105137.0,https://www.sec.gov/Archives/edgar/data/1511071/000119312512507868/0001193125-12-507868-index.html,https://www.sec.gov/Archives/edgar/data/1511071/000119312512507868/d420786d10k.htm
0,2011-09-30,PBSK,2011-12-28 00:00:00,2011-12-28 16:27:54,FY,9475000.0,0.0,0.0,0.0,0.0,4734000.0,279000.0,0.0,0.0,0.0,4530000.0,0.0,0.0,0.0,1969000.0,0.20781002638522428,0.0,1969000.0,0.20781002638522428,279000.0,1690000.0,0.1783641160949868,0.01,0.01,3102585.0,3102585.0,https://www.sec.gov/Archives/edgar/data/1511071/000119312511353950/0001193125-11-353950-index.html,https://www.sec.gov/Archives/edgar/data/1511071/000119312511353950/d258566d10k.htm
