,date,symbol,fillingDate,acceptedDate,period,revenue,costOfRevenue,grossProfit,grossProfitRatio,researchAndDevelopmentExpenses,generalAndAdministrativeExpenses,sellingAndMarketingExpenses,otherExpenses,operatingExpenses,costAndExpenses,interestExpense,depreciationAndAmortization,ebitda,ebitdaratio,operatingIncome,operatingIncomeRatio,totalOtherIncomeExpensesNet,incomeBeforeTax,incomeBeforeTaxRatio,incomeTaxExpense,netIncome,netIncomeRatio,eps,epsdiluted,weightedAverageShsOut,weightedAverageShsOutDil,link,finalLink
0,2019-12-31,HMST,2020-03-06,2020-03-06 15:14:26,FY,263822000,0.0,263822000,1.0,0.0,215114000,0.0,0.0,303330000,63821000,88216000,39499000,153215000,0.465742647447,48708000,0.257183589419,0.0,48708000,0.257183589419,7988000.0,17512000,0.0924652832779,0.67953,0.67953,11154140,11154140,https://www.sec.gov/Archives/edgar/data/1518715/000151871520000047/0001518715-20-000047-index.htm,https://www.sec.gov/Archives/edgar/data/1518715/000151871520000047/hmst-20191231x10k.htm
0,2018-12-31,HMST,2019-03-06,2019-03-06 17:30:52,FY,226496000,61499000,164997000,0.7284764410850523,0.0,198241000,0.0,0.0,259740000,90517000,61499000,24893000,133350000,0.349458462359,28255000,0.226517317845,0.0,28255000,0.226517317845,6931000.0,40027000,0.197684698166,1.47331,1.47331,26970916000,26970916000,https://www.sec.gov/Archives/edgar/data/1518715/000151871519000056/0001518715-19-000056-index.htm,https://www.sec.gov/Archives/edgar/data/1518715/000151871519000056/hmst-20181231x10k.htm
0,2017-12-31,HMST,2018-03-06,2018-03-06 16:27:27,FY,217138000,37779000,179359000,0.826013871362912,0.0,191364000,0.0,0.0,229143000,99889000,37779000,22645000,135801000,0.456875713595,25774000,0.34041185365,0.0,25774000,0.34041185365,6431000.0,68946000,0.354591180736,2.54488,2.54488,26864657000,26864657000,https://www.sec.gov/Archives/edgar/data/1518715/000151871518000095/0001518715-18-000095-index.htm,https://www.sec.gov/Archives/edgar/data/1518715/000151871518000095/hmst-20171231x10k.htm
0,2016-12-31,HMST,2017-03-09,2017-03-09 16:31:23,FY,539199000,29488000,509711000,0.9453114712749838,0.0,448422000,0.0,0.0,477910000,98435000,29488000,15667000,135932000,0.591194619243,90777000,0.504179417825,0.0,90777000,0.504179417825,32626000,58151000,0.322973190631,2.34068,2.34068,24615990000,24615990000,https://www.sec.gov/Archives/edgar/data/1518715/000151871517000059/0001518715-17-000059-index.htm,https://www.sec.gov/Archives/edgar/data/1518715/000151871517000059/hmst-20161231x10k.htm
0,2015-12-31,HMST,2016-03-11,2016-03-10 19:43:03,FY,429575000,16776000,412799000,0.9609474480591282,0.0,372668000,0.0,0.0,389444000,87799000,16776000,14877000,88560000,0.483921854144,56907000,0.383630627351,0.0,56907000,0.383630627351,15588000,41319000,0.278546292926,1.96204,1.96204,20818045000,20818045000,https://www.sec.gov/Archives/edgar/data/1518715/000151871516000227/0001518715-16-000227-index.htm,https://www.sec.gov/Archives/edgar/data/1518715/000151871516000227/hmst-20151231x10k.htm
0,2014-12-31,HMST,2015-03-25,2015-03-24 18:53:36,FY,284400000,12600000,271800000,0.9556962025316456,0.0,251000000,0.0,0.0,263600000,62885000,12600000,17503000,63503000,0.515035117413,33300000,0.337644042202,0.0,33300000,0.337644042202,11100000,22300000,0.225592638012,1.48667,1.48667,14800689000,14800689000,https://www.sec.gov/Archives/edgar/data/1518715/000151871515000075/0001518715-15-000075-index.htm,https://www.sec.gov/Archives/edgar/data/1518715/000151871515000075/hmst-20141231x10k.htm
0,2013-12-31,HMST,2014-03-17,2014-03-17 13:46:47,FY,265100000,14500000,250600000,0.9453036589966051,0.0,230400000,0.0,0.0,244900000,54857000,14500000,14900000,64200000,0.668166675622,34800000,0.46738487991,0.0,34800000,0.46738487991,11000000,23800000,0.319824297458,1.60811,1.60811,14412059000,14412059000,https://www.sec.gov/Archives/edgar/data/1518715/000151871514000053/0001518715-14-000053-index.htm,https://www.sec.gov/Archives/edgar/data/1518715/000151871514000053/hmst-20131231x10k.htm
0,2012-12-31,HMST,2013-03-15,2013-03-15 14:50:01,FY,298700000,19900000,278800000,0.9333779712085705,0.0,195100000,0.0,10085000,215000000,36219000,19900000,10000000,133500000,1.7865597682,103700000,1.70673163986,0.0,103700000,1.70673163986,21500000,82100000,1.35202410154,5.9927,5.9927,13312939000,13312939000,https://www.sec.gov/Archives/edgar/data/1518715/000151871513000048/0001518715-13-000048-index.htm,https://www.sec.gov/Archives/edgar/data/1518715/000151871513000048/hmst-20121231x10k.htm
