,date,symbol,fillingDate,acceptedDate,period,revenue,costOfRevenue,grossProfit,grossProfitRatio,researchAndDevelopmentExpenses,generalAndAdministrativeExpenses,sellingAndMarketingExpenses,otherExpenses,operatingExpenses,costAndExpenses,interestExpense,depreciationAndAmortization,ebitda,ebitdaratio,operatingIncome,operatingIncomeRatio,totalOtherIncomeExpensesNet,incomeBeforeTax,incomeBeforeTaxRatio,incomeTaxExpense,netIncome,netIncomeRatio,eps,epsdiluted,weightedAverageShsOut,weightedAverageShsOutDil,link,finalLink
0,2019-12-31,PWOD,2020-03-11,2020-03-11 11:14:59,FY,61267000,0.0,0.0,0.0,0.0,22832000,425000.0,0.0,0.0,0.0,15959000,1135000.0,0.0,0.0,0.0,0.3072453359883787,0.0,18824000,0.3072453359883787,3138000.0,15672000,0.25579839065075816,2.23,2.06,7038714.0,7620453.0,https://www.sec.gov/Archives/edgar/data/716605/000071660520000005/0000716605-20-000005-index.htm,https://www.sec.gov/Archives/edgar/data/716605/000071660520000005/pwod201910-k.htm
0,2018-12-31,PWOD,2019-03-12,2019-03-12 14:06:49,FY,57271000,0.0,0.0,0.0,0.0,22740000,767000.0,0.0,0.0,0.0,10936000,1012000.0,0.0,0.0,0.0,0.306071135478689,0.0,17529000,0.306071135478689,2819000.0,14704000,0.2567442510170942,2.093333,2.093333,7035381.0,7035381.0,https://www.sec.gov/Archives/edgar/data/716605/000071660519000006/0000716605-19-000006-index.htm,https://www.sec.gov/Archives/edgar/data/716605/000071660519000006/pwod201810-k.htm
0,2017-12-31,PWOD,2018-03-13,2018-03-13 15:57:30,FY,54222000,0.0,0.0,0.0,0.0,20626000,958000.0,0.0,0.0,0.0,5897000.0,1311000.0,0.0,0.0,0.0,0.31780458116631627,0.0,17232000,0.31780458116631627,7459000.0,9773000.0,0.18024049278890486,1.386667,1.386667,7058403.0,7058403.0,https://www.sec.gov/Archives/edgar/data/716605/000071660518000004/0000716605-18-000004-index.htm,https://www.sec.gov/Archives/edgar/data/716605/000071660518000004/pwod201710-k.htm
0,2016-12-31,PWOD,2017-03-10,2017-03-10 13:26:20,FY,53359000,0.0,0.0,0.0,0.0,19320000,740000.0,0.0,0.0,0.0,5567000.0,366000.0,0.0,0.0,0.0,0.31994602597499955,0.0,17072000,0.31994602597499955,4597000.0,12475000,0.23379373676418225,1.76,1.76,7103185.0,7103185.0,https://www.sec.gov/Archives/edgar/data/716605/000071660517000005/0000716605-17-000005-index.htm,https://www.sec.gov/Archives/edgar/data/716605/000071660517000005/pwod201610-k.htm
0,2015-12-31,PWOD,2016-03-10,2016-03-10 16:45:10,FY,53670000,0.0,0.0,0.0,0.0,18502000,612000.0,0.0,0.0,0.0,5219000.0,311000.0,0.0,0.0,0.0,0.3285634432643935,0.0,17634000,0.3285634432643935,3736000.0,13898000,0.25895286007080304,1.94,1.94,7158358.0,7158358.0,https://www.sec.gov/Archives/edgar/data/716605/000162828016012570/0001628280-16-012570-index.htm,https://www.sec.gov/Archives/edgar/data/716605/000162828016012570/pwod201510-k.htm
0,2014-12-31,PWOD,2015-03-12,2015-03-12 12:24:55,FY,55152000,0.0,0.0,0.0,0.0,18551000,532000.0,0.0,0.0,0.0,4962000.0,345000.0,0.0,0.0,0.0,0.3338410211778358,0.0,18412000,0.3338410211778358,3804000.0,14608000,0.26486800116042936,2.02,2.02,7224223.0,7224223.0,https://www.sec.gov/Archives/edgar/data/716605/000071660515000004/0000716605-15-000004-index.htm,https://www.sec.gov/Archives/edgar/data/716605/000071660515000004/pwod201410-k.htm
0,2013-12-31,PWOD,2014-03-14,2014-03-14 14:50:31,FY,50077000,0.0,0.0,0.0,0.0,16526000,517000.0,0.0,0.0,0.0,5264000.0,213000.0,0.0,0.0,0.0,0.3501607524412405,0.0,17535000,0.3501607524412405,3451000.0,14084000,0.28124687980510016,2.126667,2.126667,6615939.0,6615939.0,https://www.sec.gov/Archives/edgar/data/716605/000071660514000007/0000716605-14-000007-index.htm,https://www.sec.gov/Archives/edgar/data/716605/000071660514000007/pwod-20131231x10k.htm
0,2012-12-31,PWOD,2013-03-13,2013-03-13 10:25:49,FY,40996000,0.0,0.0,0.0,0.0,12230000,0.0,0.0,0.0,0.0,6211000.0,0.0,0.0,0.0,0.0,0.40120987413406184,0.0,16448000,0.40120987413406184,2598000.0,13850000,0.33783783783783783,2.406667,2.406667,5756626.0,5756626.0,https://www.sec.gov/Archives/edgar/data/716605/000110465913019978/0001104659-13-019978-index.htm,https://www.sec.gov/Archives/edgar/data/716605/000110465913019978/a12-27602_110k.htm
0,2011-12-31,PWOD,2012-03-14,2012-03-14 09:58:06,FY,36939000,0.0,0.0,0.0,0.0,11004000,0.0,0.0,0.0,0.0,7656000.0,0.0,0.0,0.0,0.0,0.386447927664528,0.0,14275000,0.386447927664528,1913000.0,12362000,0.33465984460867915,2.146667,2.146667,5754054.0,5754054.0,https://www.sec.gov/Archives/edgar/data/716605/000110465912018088/0001104659-12-018088-index.htm,https://www.sec.gov/Archives/edgar/data/716605/000110465912018088/a11-31789_110k.htm
0,2010-12-31,PWOD,2011-03-10,2011-03-10 14:22:18,FY,33953000,0.0,0.0,0.0,0.0,10214000,0.0,0.0,0.0,0.0,9868000.0,0.0,0.0,0.0,0.0,0.36258946190321917,0.0,12311000,0.36258946190321917,1382000.0,10929000,0.3218861367184049,1.9,1.9,5751382.0,5751591.0,https://www.sec.gov/Archives/edgar/data/716605/000110465911013523/0001104659-11-013523-index.htm,https://www.sec.gov/Archives/edgar/data/716605/000110465911013523/a11-2100_110k.htm
0,2009-12-31,PWOD,2010-03-12,2010-03-12 12:20:26,FY,26080000,0.0,0.0,0.0,0.0,10189000,0.0,0.0,0.0,0.0,12398000,0.0,0.0,0.0,0.0,0.20517638036809815,0.0,5351000.0,0.20517638036809815,-742000.0,6093000.0,0.23362730061349693,1.06,1.06,5749183.0,5749329.0,https://www.sec.gov/Archives/edgar/data/716605/000110465910013916/0001104659-10-013916-index.htm,https://www.sec.gov/Archives/edgar/data/716605/000110465910013916/a09-35844_110k.htm
0,2008-12-31,PWOD,2009-03-13,2009-03-13 11:44:21,FY,26732000,0.0,0.0,0.0,0.0,9634000.0,0.0,0.0,0.0,0.0,14832000,0.0,0.0,0.0,0.0,0.3145294029627413,0.0,8408000.0,0.3145294029627413,405000.0,8003000.0,0.29937902139757594,1.38,1.38,5789586.0,5789749.0,https://www.sec.gov/Archives/edgar/data/716605/000110465909017496/0001104659-09-017496-index.htm,https://www.sec.gov/Archives/edgar/data/716605/000110465909017496/a09-1361_110k.htm
0,2007-12-31,PWOD,2008-03-14,2008-03-14 06:57:01,FY,26980000,0.0,0.0,0.0,0.0,9078000.0,0.0,0.0,0.0,0.0,16447000,0.0,0.0,0.0,0.0,0.3526315789473684,0.0,9514000.0,0.3526315789473684,637000.0,8877000.0,0.32902149740548553,1.52,1.52,5829415.0,5829771.0,https://www.sec.gov/Archives/edgar/data/716605/000110465908017517/0001104659-08-017517-index.htm,https://www.sec.gov/Archives/edgar/data/716605/000110465908017517/a08-2571_110k.htm
0,2006-12-31,PWOD,2007-03-15,2007-03-15 11:35:39,FY,28572000,0.0,0.0,0.0,0.0,8833000.0,0.0,0.0,0.0,0.0,14210000,0.0,0.0,0.0,0.0,0.40627187456250874,0.0,11608000,0.40627187456250874,1961000.0,9647000.0,0.3376382472350553,1.633333,1.633333,5901207.0,5901925.0,https://www.sec.gov/Archives/edgar/data/716605/000110465907019394/0001104659-07-019394-index.htm,https://www.sec.gov/Archives/edgar/data/716605/000110465907019394/a07-5550_110k.htm
0,2005-12-31,PWOD,2006-03-16,2006-03-16 15:41:54,FY,29953000,0.0,0.0,0.0,0.0,8314000.0,0.0,0.0,0.0,0.0,10381000,0.0,0.0,0.0,0.0,0.47157212966981604,0.0,14125000,0.47157212966981604,3224000.0,10901000,0.3639368343738524,1.833333,1.826667,5957889.0,5961082.0,https://www.sec.gov/Archives/edgar/data/716605/000110465906017318/0001104659-06-017318-index.htm,https://www.sec.gov/Archives/edgar/data/716605/000110465906017318/a06-2005_110k.htm
0,2004-12-31,PWOD,2005-03-15,2005-03-15 17:22:53,FY,30128000,0.0,0.0,0.0,0.0,8281000.0,344000.0,0.0,0.0,0.0,8768000.0,0.0,0.0,0.0,0.0,0.5093600637280935,0.0,15346000,0.5093600637280935,4263000.0,11083000,0.3678637812002124,1.85,1.85,5985012.0,5991528.0,https://www.sec.gov/Archives/edgar/data/716605/000110465905011176/0001104659-05-011176-index.htm,https://www.sec.gov/Archives/edgar/data/716605/000110465905011176/a05-4957_110k.htm
0,2003-12-31,PWOD,2004-03-15,2004-03-15 16:51:44,FY,28421000,0.0,0.0,0.0,0.0,7650000.0,388000.0,0.0,0.0,0.0,9265000.0,0.0,0.0,0.0,0.0,0.523450969353647,0.0,14877000,0.523450969353647,3703000.0,11174000,0.39315998733330987,1.861111,1.861111,6003940.0,6003940.0,https://www.sec.gov/Archives/edgar/data/716605/000110465904007456/0001104659-04-007456-index.htm,https://www.sec.gov/Archives/edgar/data/716605/000110465904007456/a04-3402_210k.htm
0,2002-12-31,PWOD,,,FY,23711000,0.0,0.0,0.0,0.0,6944000.0,0.0,0.0,0.0,0.0,10846000,0.0,0.0,0.0,0.0,0.46952891063219604,0.0,11133000,0.46952891063219604,2247000.0,8886000.0,0.37476276833537175,1.479798,1.479798,6004874.0,6004874.0,,
0,2001-12-31,PWOD,,,FY,20539000,0.0,0.0,0.0,0.0,5308000.0,0.0,0.0,0.0,0.0,12481000,0.0,0.0,0.0,0.0,0.47324601976727204,0.0,9720000.0,0.47324601976727204,1978000.0,7742000.0,0.3769414285018745,1.277778,1.277778,6058957.0,6058957.0,,
0,2000-12-31,PWOD,2001-03-29 00:00:00,2001-03-29 00:00:00,FY,18034000,0.0,0.0,0.0,0.0,5004000.0,0.0,0.0,0.0,0.0,12778000,0.0,0.0,0.0,0.0,0.4538649218143507,0.0,8185000.0,0.4538649218143507,1619000.0,6566000.0,0.3640900521237662,1.060606,1.060606,6190800.0,6190800.0,https://www.sec.gov/Archives/edgar/data/716605/000090359401500043/0000903594-01-500043-index.html,https://www.sec.gov/Archives/edgar/data/716605/000090359401500043/r10k.txt
0,1999-12-31,PWOD,,,FY,19000000,0.0,0.0,0.0,0.0,4900000.0,0.0,0.0,0.0,0.0,10500000,0.0,0.0,0.0,0.0,0.49473684210526314,0.0,9400000.0,0.49473684210526314,2200000.0,7200000.0,0.37894736842105264,1.161616,1.161616,6198261.0,6198261.0,,
0,1998-12-31,PWOD,,,FY,3634000.0,0.0,0.0,0.0,0.0,4225000.0,0.0,0.0,0.0,0.0,9447000.0,0.0,0.0,0.0,0.0,2.3282883874518436,0.0,8461000.0,2.3282883874518436,2050000.0,6411000.0,1.7641717116125482,1.147842,1.143251,5594802.0,5607694.0,,
0,1997-12-31,PWOD,,,FY,6060000.0,0.0,0.0,0.0,0.0,4118000.0,0.0,0.0,0.0,0.0,8317000.0,0.0,0.0,0.0,0.0,1.7726072607260726,0.0,10742000,1.7726072607260726,2991000.0,7751000.0,1.279042904290429,0.695592,0.691001,11137438,11137438,,
0,1996-12-31,PWOD,1997-03-20 00:00:00,1997-03-20 00:00:00,FY,2566000.0,0.0,0.0,0.0,0.0,3642000.0,0.0,0.0,0.0,0.0,8079000.0,0.0,0.0,0.0,0.0,2.847622759158223,0.0,7307000.0,2.847622759158223,1965000.0,5342000.0,2.0818394388152766,0.964187,0.964187,5542056.0,5542056.0,https://www.sec.gov/Archives/edgar/data/716605/000071660597000006/0000716605-97-000006-index.html,https://www.sec.gov/Archives/edgar/data/716605/0000716605-97-000006.txt
0,1995-12-31,PWOD,1996-03-29 00:00:00,1996-03-29 00:00:00,FY,2515051.0,0.0,0.0,0.0,0.0,4012349.0,0.0,0.0,0.0,0.0,7792686.0,0.0,0.0,0.0,0.0,2.1006504440665417,0.0,5283243.0,2.1006504440665417,1421231.0,3862012.0,1.5355601138903345,0.700184,0.700184,5521395.0,5521395.0,https://www.sec.gov/Archives/edgar/data/716605/000090359496000026/0000903594-96-000026-index.html,https://www.sec.gov/Archives/edgar/data/716605/0000903594-96-000026.txt
