,date,symbol,fillingDate,acceptedDate,period,revenue,costOfRevenue,grossProfit,grossProfitRatio,researchAndDevelopmentExpenses,generalAndAdministrativeExpenses,sellingAndMarketingExpenses,otherExpenses,operatingExpenses,costAndExpenses,interestExpense,depreciationAndAmortization,ebitda,ebitdaratio,operatingIncome,operatingIncomeRatio,totalOtherIncomeExpensesNet,incomeBeforeTax,incomeBeforeTaxRatio,incomeTaxExpense,netIncome,netIncomeRatio,eps,epsdiluted,weightedAverageShsOut,weightedAverageShsOutDil,link,finalLink
0,2019-12-31,ETFC,2020-02-19,2020-02-19 17:23:53,FY,3145000000,392000000,2753000000,0.8753577106518283,0.0,1205000000,0.0,57000000,1434000000,1826000000,-1618000000,225000000,-74000000,-0.023529,1319000000,0.419396,0.0,1319000000,0.419396,364000000,955000000,0.303657,4.01377,4.01377,248051948,248051948,https://www.sec.gov/Archives/edgar/data/1015780/000101578020000065/0001015780-20-000065-index.htm,https://www.sec.gov/Archives/edgar/data/1015780/000101578020000065/etfc-2019123110k.htm
0,2018-12-31,ETFC,2019-02-20,2019-02-20 16:47:35,FY,3036000000,289000000,2747000000,0.9048089591567853,0.0,1157000000,0.0,21000000,1329000000,1618000000,163000000,244000000,1825000000,0.60112,1418000000,0.467062,0.0,1418000000,0.467062,366000000,1052000000,0.346509,4.02035,4.02035,271134020,271134020,https://www.sec.gov/Archives/edgar/data/1015780/000101578019000060/0001015780-19-000060-index.htm,https://www.sec.gov/Archives/edgar/data/1015780/000101578019000060/etfc-2018123110k.htm
0,2017-12-31,ETFC,2018-02-21,2018-02-21 17:24:00,FY,2452000000,210000000,2242000000,0.9143556280587276,0.0,1048000000,0.0,-61000000,1178000000,1388000000,86000000,262000000,1412000000,0.575856,1064000000,0.433931,0.0,1064000000,0.433931,450000000,614000000,0.250408,2.238,2.238,285581395,285581395,https://www.sec.gov/Archives/edgar/data/1015780/000101578018000033/0001015780-18-000033-index.htm,https://www.sec.gov/Archives/edgar/data/1015780/000101578018000033/etfc-2017123110k.htm
0,2016-12-31,ETFC,2017-02-22,2017-02-22 17:12:36,FY,2026000000,190000000,1836000000,0.9062191510365252,0.0,914000000,0.0,-53000000,998000000,1188000000,85000000,239000000,1162000000,0.573544,838000000,0.413623,0.0,838000000,0.413623,286000000,552000000,0.272458,1.97815,1.97815,278787878,278787878,https://www.sec.gov/Archives/edgar/data/1015780/000101578017000030/0001015780-17-000030-index.htm,https://www.sec.gov/Archives/edgar/data/1015780/000101578017000030/etfc-20161231x10k.htm
0,2015-12-31,ETFC,2016-02-24,2016-02-24 16:54:12,FY,1564000000,289000000,1275000000,0.8152173913043478,0.0,871000000,0.0,83000000,1184000000,1473000000,0.0,325000000,416000000,0.265985,91000000,0.058184,261000000,91000000,0.058184,-177000000,268000000,0.171355,0.90844,0.90844,290762000000,295011000000,https://www.sec.gov/Archives/edgar/data/1015780/000101578016000121/0001015780-16-000121-index.htm,https://www.sec.gov/Archives/edgar/data/1015780/000101578016000121/etfc-20151231x10k.htm
0,2014-12-31,ETFC,2015-02-24,2015-02-24 17:30:14,FY,2019000000,299000000,1720000000,0.8519068845963348,0.0,794000000,0.0,185000000,1158000000,1457000000,-110000000,331000000,673000000,0.333333,562000000,0.278356,36000000,452000000,0.223873,159000000,293000000,0.145121,0.99626,0.99626,288705000000,294103000000,https://www.sec.gov/Archives/edgar/data/1015780/000101578015000026/0001015780-15-000026-index.htm,https://www.sec.gov/Archives/edgar/data/1015780/000101578015000026/etfc-20141231x10k.htm
0,2013-12-31,ETFC,2014-02-25,2014-02-25 17:13:07,FY,1964100000,362100000,1602000000,0.8156407514892318,0.0,698300000,0.0,313000000,1297100000,1659200000,-109900000,395000000,480027000,0.2444,304900000,0.155236,143500000,194900000,0.099231,108927000,86000000,0.043786,0.29392,0.29392,286991000,292589000,https://www.sec.gov/Archives/edgar/data/1015780/000119312514067515/0001193125-14-067515-index.htm,https://www.sec.gov/Archives/edgar/data/1015780/000119312514067515/d680999d10k.htm
0,2012-12-31,ETFC,2013-02-26,2013-02-26 17:09:59,FY,1985200000,874400000,1110800000,0.5595406004432802,0.0,492200000,0.0,312700000,1263600000,2138000000,21900000,409600000,300519000,0.15138,-152900000,-0.07702,128600000,-131000000,-0.065988,-18381000,-112600000,-0.05672,-0.39412,-0.39412,285748000,285748000,https://www.sec.gov/Archives/edgar/data/1015780/000119312513077166/0001193125-13-077166-index.htm,https://www.sec.gov/Archives/edgar/data/1015780/000119312513077166/d489725d10k.htm
0,2011-12-31,ETFC,2012-02-23,2012-02-23 17:15:44,FY,2228800000,978800000,1250000000,0.5608399138549892,0.0,478800000,0.0,406800000,1006000000,1984800000,-58600000,340700000,467429000,0.209722,243900000,0.109431,147100000,185300000,0.083139,28629000,156700000,0.070307,0.54072,0.54072,261272000,289770000,https://www.sec.gov/Archives/edgar/data/1015780/000119312512075584/0001193125-12-075584-index.htm,https://www.sec.gov/Archives/edgar/data/1015780/000119312512075584/d283628d10k.htm
0,2010-12-31,ETFC,2011-02-22,2011-02-22 16:15:15,FY,2232100000,1325300000,906800000,0.40625420008064156,0.0,457200000,0.0,329200000,917100000.0000001,2242400000,7200000.0,339100000,343131000,0.153726,-10300000,-0.004614,147500000,-3100000.0,-0.001389,25331000,-28500000,-0.012768,-0.13488,-0.13488,211302000,211302000,https://www.sec.gov/Archives/edgar/data/1015780/000119312511042158/0001193125-11-042158-index.htm,https://www.sec.gov/Archives/edgar/data/1015780/000119312511042158/d10k.htm
0,2009-12-31,ETFC,2010-02-24,2010-02-24 16:34:07,FY,2619900000,2311500000,308400000,0.11771441658078553,0.0,480600000,0.0,387500000,2020699999.9999998,4332200000,571956000,346000000,-917544000,-0.350221,-1712400000,-0.653613,170700000,-1835400000,-0.700561,-537700000,-1297800000,-0.495362,-11.85205,-11.85205,1095437000,1095437000,https://www.sec.gov/Archives/edgar/data/1015780/000119312510038928/0001193125-10-038928-index.htm,https://www.sec.gov/Archives/edgar/data/1015780/000119312510038928/d10k.htm
0,2008-12-31,ETFC,2009-02-26,2009-02-26 16:46:21,FY,3323000000,3062200000,260800000,0.07848329822449594,0.0,558600000,0.0,307200000,1003500000,4065700000,1201934000,292800000,513399000,0.154499,-742700000,-0.223503,185100000,-1278900000,-0.384863,-469535000,-511800000,-0.154017,-10.03529,-10.03529,509862000,509862000,https://www.sec.gov/Archives/edgar/data/1015780/000119312509039144/0001193125-09-039144-index.htm,https://www.sec.gov/Archives/edgar/data/1015780/000119312509039144/d10k.htm
0,2007-12-31,ETFC,2008-02-28,2008-02-28 16:49:46,FY,4672600000,3194300000,1478300000,0.31637632153404954,0.0,615000000,0.0,207600000,1082899999.9999995,4277199999.9999995,1960656000,282500000,65406000,0.013998,395400000,0.084621,-2054603000,-2177700000,-0.466057,-735950000,-1441800000,-0.308565,-34.00472,-34.00472,424439000,424439000,https://www.sec.gov/Archives/edgar/data/1015780/000119312508041906/0001193125-08-041906-index.htm,https://www.sec.gov/Archives/edgar/data/1015780/000119312508041906/d10k.htm
0,2006-12-31,ETFC,2007-03-01,2007-03-01 13:21:10,FY,3784000000,1965500000,1818500000,0.48057610993657507,0.0,589000000,0.0,136000000,874800000.0000002,2840300000,1374647000,286800000,2592330000,0.685077,943600000,0.249366,1000792000,928800000,0.245455,301983000,628900000,0.1662,14.42431,14.42431,421127000,436357000,https://www.sec.gov/Archives/edgar/data/1015780/000119312507043983/0001193125-07-043983-index.htm,https://www.sec.gov/Archives/edgar/data/1015780/000119312507043983/d10k.htm
0,2005-12-31,ETFC,2006-03-03,2006-03-03 17:13:32,FY,2438200000,1200800000,1237400000,0.5075055368714626,0.0,486700000,0.0,111000000,686400000.0000001,1887200000,779164000,363000000,1802387000,0.739229,550900000,0.225945,4900000.0,676100000,0.277295,229823000,430400000,0.176524,11.17922,11.17922,371468000,384630000,https://www.sec.gov/Archives/edgar/data/1015780/000119312506045154/0001193125-06-045154-index.htm,https://www.sec.gov/Archives/edgar/data/1015780/000119312506045154/d10k.htm
0,2004-12-31,ETFC,2005-03-10,2005-03-10 17:28:23,FY,2076600000,929000000,1147600000,0.5526341134546855,0.0,447900000,0.0,128300000,725300000,1654300000,18524000,398300000,959507000,0.462057,422300000,0.203361,-2300000.0,514000000,0.24752,162183000,380500000,0.183232,9.39506,9.39506,366586000,405389000,https://www.sec.gov/Archives/edgar/data/1015780/000119312505046680/0001193125-05-046680-index.htm,https://www.sec.gov/Archives/edgar/data/1015780/000119312505046680/d10k.htm
0,2003-12-31,ETFC,2004-03-11,2004-03-10 18:19:01,FY,2008400000,1143000000,865400000,0.43089026090420235,60700000,428800000,173066000,848569000,659000000,1802000000,10305000,443700000,769393000,0.383088,206400000,0.102768,1700000.0,310400000,0.154551,112388000,203000000,0.101075,5.53134,5.53134,358320000,367361000,https://www.sec.gov/Archives/edgar/data/1015780/000119312504038392/0001193125-04-038392-index.htm,https://www.sec.gov/Archives/edgar/data/1015780/000119312504038392/d10k.htm
0,2002-12-31,ETFC,2003-03-27,2003-03-26 21:54:10,FY,1901700000,1143100000,758600000,0.39890624178366724,55700000,414300000,203613000,655701000,502700000.00000006,1645800000,12515000,326000000,237236000,0.124749,255900000,0.134564,3900000.0,193900000,0.101961,85121000,-186400000,-0.098018,-5.16343,-5.16343,355090000,361051000,https://www.sec.gov/Archives/edgar/data/1015780/000101287003001396/0001012870-03-001396-index.htm,https://www.sec.gov/Archives/edgar/data/1015780/000101287003001396/d10k.htm
0,2001-12-31,ETFC,2002-04-01,2002-04-01 00:00:00,FY,2062100000,1382300000,679800000,0.3296639348237234,88700000,489800000,253422000,971547000,865800000,2248100000,779275000,179100000,676941000,0.328277,-186000000,-0.090199,200000.0,-310300000,-0.150478,-39934000,-241500000,-0.117114,-7.2741,-7.2741,332370000,332370000,https://www.sec.gov/Archives/edgar/data/1015780/000101287002001580/0001012870-02-001580-index.htm,https://www.sec.gov/Archives/edgar/data/1015780/000101287002001580/d10k.htm
0,2000-12-31,ETFC,,,FY,569000000,368500000,167800000,0.294903,29200000,155800000,0.0,0.0,193600000.00000003,562100000,-2100000.0,0.0,1200000.0,0.002109,6900000.0,0.012127,-1600000.0,3200000.0,0.005624,1900000.0,1400000.0,0.00246,0.04361,0.04361,32100000,32100000,,
0,2000-09-30,ETFC,2000-11-09 00:00:00,2000-11-09 00:00:00,FY,1973200000,1120400000,745100000,0.37761,142900000,731000000,0.0,0.0,933099999.9999999,2053500000,186600000,97600000,388900000,0.197091,-80300000,-0.040695,-1800000.0,104400000,0.052909,85500000,19200000,0.00973,0.60188,0.60188,31900000,31900000,https://www.sec.gov/Archives/edgar/data/1015780/000109238800500170/0001092388-00-500170-index.html,https://www.sec.gov/Archives/edgar/data/1015780/000109238800500170/etrade_10kv1.htm
0,1999-09-30,ETFC,1999-10-22 00:00:00,1999-10-22 00:00:00,FY,621400000,283900000,305200000,0.491149,76900000,386800000,0.0,0.0,469900000,753800000,40900000,32400000,-18200000,-0.029289,-132400000,-0.213067,0.0,-91500000,-0.147248,-37100000,-54400000,-0.087544,-2.30508,-2.30508,23600000,23600000,https://www.sec.gov/Archives/edgar/data/1015780/000101287099003816/0001012870-99-003816-index.html,https://www.sec.gov/Archives/edgar/data/1015780/0001012870-99-003816.txt
0,1998-09-30,ETFC,1998-12-29 00:00:00,1998-12-29 00:00:00,FY,245200000,111800000,113300000,0.462072,32900000,102200000,0.0,0.0,135100000.00000003,246900000.00000003,0.0,12500000,10800000,0.044046,-1700000.0,-0.006933,0.0,-1700000.0,-0.006933,-1000000.0,-700000.0,-0.002855,-0.04142,-0.04142,16900000,16900000,https://www.sec.gov/Archives/edgar/data/1015780/000101287098003267/0001012870-98-003267-index.html,https://www.sec.gov/Archives/edgar/data/1015780/0001012870-98-003267.txt
0,1997-09-30,ETFC,1997-12-23 00:00:00,1997-12-23 00:00:00,FY,142700000,70800000,68100000,0.477225,10800000,37800000,0.0,0.0,48600000.00000001,119400000.00000001,0.0,3600000.0,26900000,0.188507,23300000,0.16328,0.0,23300000,0.16328,9400000.0,13900000,0.097407,1.00725,1.00725,13800000,13800000,https://www.sec.gov/Archives/edgar/data/1015780/000101287097002529/0001012870-97-002529-index.html,https://www.sec.gov/Archives/edgar/data/1015780/0001012870-97-002529.txt
