,date,symbol,fillingDate,acceptedDate,period,revenue,costOfRevenue,grossProfit,grossProfitRatio,researchAndDevelopmentExpenses,generalAndAdministrativeExpenses,sellingAndMarketingExpenses,otherExpenses,operatingExpenses,costAndExpenses,interestExpense,depreciationAndAmortization,ebitda,ebitdaratio,operatingIncome,operatingIncomeRatio,totalOtherIncomeExpensesNet,incomeBeforeTax,incomeBeforeTaxRatio,incomeTaxExpense,netIncome,netIncomeRatio,eps,epsdiluted,weightedAverageShsOut,weightedAverageShsOutDil,link,finalLink
0,2019-12-31,RLI,2020-02-21,2020-02-21 17:06:05,FY,1006625000,0.0,0.0,0.0,0.0,12686000,0.0,0.0,0.0,773891000,7588000.0,0.0,0.0,0.0,0.0,0.23120228486278405,0.0,232734000,0.23120228486278405,41092000,191642000,0.19038072767912578,4.271143,4.23,44869015,45257000,https://www.sec.gov/Archives/edgar/data/84246/000008424620000010/0000084246-20-000010-index.htm,https://www.sec.gov/Archives/edgar/data/84246/000008424620000010/rli-20191231x10k.htm
0,2018-12-31,RLI,2019-02-22,2019-02-22 13:59:15,FY,820364000,0.0,0.0,0.0,0.0,9427000.0,0.0,0.0,0.0,752783000,7437000.0,0.0,0.0,0.0,0.0,0.08237928529286999,0.0,67581000,0.08237928529286999,3402000.0,64179000,0.07823234564169076,1.442094,1.43,44504043,44835000,https://www.sec.gov/Archives/edgar/data/84246/000008424619000013/0000084246-19-000013-index.htm,https://www.sec.gov/Archives/edgar/data/84246/000008424619000013/rli-20181231x10k.htm
0,2017-12-31,RLI,2018-02-23,2018-02-23 13:30:07,FY,800799000,0.0,0.0,0.0,0.0,11340000,0.0,0.0,0.0,716210000,7426000.0,0.0,0.0,0.0,0.0,0.10563075128715196,0.0,84589000,0.10563075128715196,-20439000,105028000,0.13115400993257983,2.378979,2.36,44148355,44500000,https://www.sec.gov/Archives/edgar/data/84246/000008424618000011/0000084246-18-000011-index.htm,https://www.sec.gov/Archives/edgar/data/84246/000008424618000011/rli-20171231x10k.htm
0,2016-12-31,RLI,2017-02-24,2017-02-24 10:56:01,FY,817852000,0.0,0.0,0.0,0.0,10170000,0.0,0.0,0.0,660770000,7426000.0,0.0,0.0,0.0,0.0,0.19206653526554926,0.0,157082000,0.19206653526554926,42162000,114920000,0.1405144207020341,2.615105,2.59,43944697,44432000,https://www.sec.gov/Archives/edgar/data/84246/000008424617000007/0000084246-17-000007-index.htm,https://www.sec.gov/Archives/edgar/data/84246/000008424617000007/rli-20161231x10k.htm
0,2015-12-31,RLI,2016-02-26,2016-02-26 10:50:33,FY,796468000,0.0,0.0,0.0,0.0,9837000.0,0.0,0.0,0.0,599786000,7426000.0,0.0,0.0,0.0,0.0,0.246942752251189,0.0,196682000,0.246942752251189,59138000,137544000,0.17269243710983995,3.12,3.12,44131000,44131000,https://www.sec.gov/Archives/edgar/data/84246/000155837016003590/0001558370-16-003590-index.htm,https://www.sec.gov/Archives/edgar/data/84246/000155837016003590/rli-20151231x10k.htm
0,2014-12-31,RLI,2015-02-26,2015-02-26 17:06:18,FY,777121000,0.0,0.0,0.0,0.0,10222000,0.0,0.0,0.0,587634000,7438000.0,0.0,0.0,0.0,0.0,0.2438320415996994,0.0,189487000,0.2438320415996994,54042000,135445000,0.17429074751550916,3.142377,3.09,43102715,43819000,https://www.sec.gov/Archives/edgar/data/84246/000155837015000197/0001558370-15-000197-index.htm,https://www.sec.gov/Archives/edgar/data/84246/000155837015000197/rli-20141231x10k.htm
0,2013-12-31,RLI,2014-02-27,2014-02-27 15:13:28,FY,707727000,0.0,0.0,0.0,0.0,8746000.0,0.0,0.0,0.0,532061000,8095000.0,0.0,0.0,0.0,0.0,0.24821152789140447,0.0,175666000,0.24821152789140447,49411000,126255000,0.17839505911177614,2.937363,2.57,42982424,43514000,https://www.sec.gov/Archives/edgar/data/84246/000110465914014137/0001104659-14-014137-index.htm,https://www.sec.gov/Archives/edgar/data/84246/000110465914014137/a13-27283_110k.htm
0,2012-12-31,RLI,2013-02-27,2013-02-27 13:16:15,FY,662714000,0.0,0.0,0.0,0.0,7867000.0,0.0,0.0,0.0,519982000,6050000.0,0.0,0.0,0.0,0.0,0.2153749581267334,0.0,142732000,0.2153749581267334,39386000,103346000,0.15594358954239687,2.430227,2.395,42525248,43160000,https://www.sec.gov/Archives/edgar/data/84246/000110465913014851/0001104659-13-014851-index.htm,https://www.sec.gov/Archives/edgar/data/84246/000110465913014851/a12-30305_110k.htm
0,2012-01-31,RLI,2012-02-28,2012-02-28 14:28:57,FY,0.0,0.0,0.0,0.0,0.0,-7766000.0,0.0,0.0,-7766000.0,-7766000.0,0.0,235000.0,-5863000.0,0.0,-6098000.0,0.0,250000.0,-6098000.0,0.0,0.0,-6098000.0,0.0,-0.28597,-0.28597,21063000,21324000,https://www.sec.gov/Archives/edgar/data/84246/000110465912013871/0001104659-12-013871-index.htm,https://www.sec.gov/Archives/edgar/data/84246/000110465912013871/a12-1116_110k.htm
0,2011-12-31,RLI,2012-02-28 00:00:00,2012-02-28 14:28:57,FY,619169000,0.0,0.0,0.0,0.0,52078000,0.0,0.0,-6497000.0,429440000,6050000.0,0.0,0.0,0.0,0.0,0.30642522477708023,0.0,189729000,0.30642522477708023,59138000,130591000,0.21091333706952384,3.085487,3.045,42324274,42868000,https://www.sec.gov/Archives/edgar/data/84246/000110465912013871/0001104659-12-013871-index.html,https://www.sec.gov/Archives/edgar/data/84246/000110465912013871/a12-1116_110k.htm
0,2010-12-31,RLI,2011-02-25,2011-02-25 14:52:22,FY,583424000,0.0,0.0,0.0,0.0,46582000,0.0,0.0,-7101000.0,404934000,6050000.0,0.0,0.0,0.0,0.0,0.3059353060552874,0.0,178490000,0.3059353060552874,51058000,127432000,0.218420908293111,3.03,3.0,42040000,42482000,https://www.sec.gov/Archives/edgar/data/84246/000110465911010249/0001104659-11-010249-index.htm,https://www.sec.gov/Archives/edgar/data/84246/000110465911010249/a11-2073_110k.htm
0,2009-12-31,RLI,2010-02-24,2010-02-24 16:40:57,FY,546552000,0.0,0.0,0.0,0.0,47709000,0.0,0.0,-5052000.0,414115000,6050000.0,0.0,0.0,0.0,0.0,0.24231363163980738,0.0,132437000,0.24231363163980738,38592000,93845000,0.17170369882463152,2.175,2.16,43124000,43462000,https://www.sec.gov/Archives/edgar/data/84246/000110465910009197/0001104659-10-009197-index.htm,https://www.sec.gov/Archives/edgar/data/84246/000110465910009197/a09-35810_110k.htm
0,2008-12-31,RLI,2009-02-25,2009-02-25 14:21:46,FY,561012000,0.0,0.0,0.0,0.0,42060000,0.0,0.0,-4844000.0,454414000,6704000.0,0.0,0.0,0.0,0.0,0.1900101958603381,0.0,106598000,0.1900101958603381,27922000,78676000,0.14023942446863882,1.825,1.8,43080000,43696000,https://www.sec.gov/Archives/edgar/data/84246/000110465909012028/0001104659-09-012028-index.htm,https://www.sec.gov/Archives/edgar/data/84246/000110465909012028/a09-1317_110k.htm
0,2007-12-31,RLI,2008-02-25,2008-02-25 13:49:07,FY,652345000,0.0,0.0,0.0,0.0,9474000.0,0.0,0.0,34920000,397869000,6997000.0,0.0,0.0,0.0,0.0,0.39009419862189487,0.0,254476000,0.39009419862189487,78609000,175867000,0.2695920103626149,3.73,3.65,47148000,48170000,https://www.sec.gov/Archives/edgar/data/84246/000110465908012582/0001104659-08-012582-index.htm,https://www.sec.gov/Archives/edgar/data/84246/000110465908012582/a08-2513_110k.htm
0,2006-12-31,RLI,2007-02-28,2007-02-28 17:02:17,FY,632708000,0.0,0.0,0.0,0.0,8069000.0,0.0,0.0,28500000,445815000,6581000.0,0.0,0.0,0.0,0.0,0.2953858652016412,0.0,186893000,0.2953858652016412,52254000,134639000,0.21279800476681185,2.7,2.635,49836000,51142000,https://www.sec.gov/Archives/edgar/data/84246/000110465907014999/0001104659-07-014999-index.htm,https://www.sec.gov/Archives/edgar/data/84246/000110465907014999/a07-5459_110k.htm
0,2005-12-31,RLI,2006-02-24,2006-02-24 12:58:52,FY,569302000,0.0,0.0,0.0,0.0,6780000.0,0.0,0.0,24300000,425426000,7118000.0,0.0,0.0,0.0,0.0,0.2527235105444913,0.0,143876000,0.2527235105444913,36742000,107134000,0.18818482984426543,2.105,2.035,50918000,52648000,https://www.sec.gov/Archives/edgar/data/84246/000110465906011843/0001104659-06-011843-index.htm,https://www.sec.gov/Archives/edgar/data/84246/000110465906011843/a06-1862_110k.htm
0,2004-12-31,RLI,2005-02-22,2005-02-22 16:07:57,FY,578800000,0.0,0.0,0.0,0.0,5536000.0,0.0,0.0,25302000,478458000,6894000.0,0.0,0.0,0.0,0.0,0.17336212854181066,0.0,100342000,0.17336212854181066,27306000,73036000,0.12618521078092607,1.45,1.4,50446000,52186000,https://www.sec.gov/Archives/edgar/data/84246/000110465905007751/0001104659-05-007751-index.htm,https://www.sec.gov/Archives/edgar/data/84246/000110465905007751/a05-1747_110k.htm
0,2003-12-31,RLI,2004-02-27,2004-02-27 11:45:48,FY,519886000,0.0,0.0,0.0,0.0,3886000.0,0.0,0.0,22441000,425608000,1010000.0,0.0,0.0,0.0,0.0,0.18134360225126278,0.0,94278000,0.18134360225126278,22987000,71291000,0.13712813963061132,1.42,1.38,50240000,51692000,https://www.sec.gov/Archives/edgar/data/84246/000110465904005908/0001104659-04-005908-index.htm,https://www.sec.gov/Archives/edgar/data/84246/000110465904005908/a04-2801_110k.htm
0,2002-12-31,RLI,2003-03-12,2003-03-12 16:50:57,FY,382153000,0.0,0.0,0.0,0.0,3505000.0,0.0,0.0,19395000,333425000,1860000.0,0.0,0.0,0.0,0.0,0.12750913900976835,0.0,48728000,0.12750913900976835,12876000,35852000,0.09381582769205005,0.9,0.875,39874000,41024000,https://www.sec.gov/Archives/edgar/data/84246/000110465903004106/0001104659-03-004106-index.htm,https://www.sec.gov/Archives/edgar/data/84246/000110465903004106/j8178_10k.htm
0,2001-12-31,RLI,2002-03-22,2002-03-22 00:00:00,FY,309354000,0.0,0.0,0.0,0.0,2636000.0,0.0,0.0,15709000,268336000,3211000.0,0.0,0.0,0.0,0.0,0.13259243455717398,0.0,41018000,0.13259243455717398,10771000,31047000,0.10036075176011948,0.79,0.775,39260000,40008000,https://www.sec.gov/Archives/edgar/data/84246/000110465902000833/0001104659-02-000833-index.htm,https://www.sec.gov/Archives/edgar/data/84246/000110465902000833/j3067_10k.htm
0,2000-12-31,RLI,,,FY,263496000,0.0,0.0,0.0,0.0,3388000.0,0.0,0.0,15500000,225203000,5275000.0,0.0,0.0,0.0,0.0,0.14532668427604215,0.0,38293000,0.14532668427604215,9600000.0,28693000,0.10889349363937213,0.73,0.7225,39268000,39780000,,
0,1999-12-31,RLI,,,FY,225756000,0.0,0.0,0.0,0.0,2091000.0,0.0,0.0,13517000,182721000,4104000.0,0.0,0.0,0.0,0.0,0.19062616275979377,0.0,43035000,0.19062616275979377,11584000,31451000,0.139314126756321,0.7775,0.77,40496000,40888000,,
0,1998-12-31,RLI,,,FY,168114000,0.0,0.0,0.0,0.0,3915000.0,0.0,0.0,15189000,130393000,2280000.0,0.0,0.0,0.0,0.0,0.22437750574015253,0.0,37721000,0.22437750574015253,9482000.0,28239000,0.16797530247332168,0.6725,0.6625,42056000,42552000,,
0,1997-12-31,RLI,,,FY,169424173,0.0,0.0,0.0,0.0,4172039.0,0.0,0.0,17790609,127902005,1547542.0,0.0,0.0,0.0,0.0,0.24507818019569144,0.0,41522168,0.24507818019569144,11350685,30171483,0.17808251600555253,0.726,0.666,41608935,46856175,,
0,1996-12-31,RLI,,,FY,155354418,0.0,0.0,0.0,0.0,3277630.0,0.0,0.0,16210591,120114388,2808470.0,0.0,0.0,0.0,0.0,0.226836355564732,0.0,35240030,0.226836355564732,9544309.0,25695721,0.16540064538106666,0.65,0.57,39482315,48328470,,
0,1995-12-31,RLI,1996-03-26 00:00:00,1996-03-26 00:00:00,FY,190549112,0.0,0.0,0.0,0.0,2093034.0,0.0,0.0,47908207,182280659,3347378.0,0.0,0.0,0.0,0.0,0.0433927658503074,34595388,8268453.0,0.0433927658503074,318912.0,7949541.0,0.04171911858607874,0.202,0.202,39248995,39248995,https://www.sec.gov/Archives/edgar/data/84246/000091205796005193/0000912057-96-005193-index.html,https://www.sec.gov/Archives/edgar/data/84246/0000912057-96-005193.txt
