,date,symbol,fillingDate,acceptedDate,period,revenue,costOfRevenue,grossProfit,grossProfitRatio,researchAndDevelopmentExpenses,generalAndAdministrativeExpenses,sellingAndMarketingExpenses,otherExpenses,operatingExpenses,costAndExpenses,interestExpense,depreciationAndAmortization,ebitda,ebitdaratio,operatingIncome,operatingIncomeRatio,totalOtherIncomeExpensesNet,incomeBeforeTax,incomeBeforeTaxRatio,incomeTaxExpense,netIncome,netIncomeRatio,eps,epsdiluted,weightedAverageShsOut,weightedAverageShsOutDil,link,finalLink
0,2020-09-30,GWB,2020-11-23,2020-11-23 17:22:06,FY,493572000,0.0,493572000,1.0,0.0,0.0,0.0,12858000,0.0,0.0,-74147000,26354000,-679964000,-1.3776389260330812,-706318000,-1.4310333649396643,0.0,-706318000,-1.4310333649396643,-25510000,-680808000,-1.3793489095815807,-12.345640505991229,-12.345640505991229,55145620,55145620,https://www.sec.gov/Archives/edgar/data/1613665/000161366520000097/0001613665-20-000097-index.htm,https://www.sec.gov/Archives/edgar/data/1613665/000161366520000097/gwb-20200930.htm
0,2019-09-30,GWB,2019-11-27 00:00:00,2019-11-27 10:19:22,FY,481440000,0.0,481440000,1.0,0.0,265845000,0.0,4367000.0,388054000,136305000,122209000,13655000,351459000,0.548209209238,215595000,0.512457571522,0.0,215595000,0.512457571522,48230000,167365000,0.397817488614,2.92305,2.92305,57257060,57257060,https://www.sec.gov/Archives/edgar/data/1613665/000161366519000060/0001613665-19-000060-index.html,https://www.sec.gov/Archives/edgar/data/1613665/000161366519000060/gwb-20190930.htm
0,2018-09-30,GWB,2018-11-27 00:00:00,2018-11-27 17:23:45,FY,481446000,74000000,481446000,1.0,0.0,249411000,0.0,4369000.0,323411000,135352000,74000000,13093000,319128000,0.607855589365,232035000,0.568940532615,0.0,232035000,0.568940532615,74119000,157916000,0.387203711287,2.67058,2.67058,59131650,59131650,https://www.sec.gov/Archives/edgar/data/1613665/000161366518000096/0001613665-18-000096-index.html,https://www.sec.gov/Archives/edgar/data/1613665/000161366518000096/gwb-20180930x10xk.htm
0,2017-09-30,GWB,2017-11-28 00:00:00,2017-11-28 16:53:45,FY,452409000,45320000,452409000,1.0,0.0,238182000,0.0,1749000.0,283502000,128135000,45320000,13599000,273146000,0.586793895248,214227000,0.54050364958,0.0,214227000,0.54050364958,69441000,144786000,0.365301112409,2.45278,2.45278,59029380,59029380,https://www.sec.gov/Archives/edgar/data/1613665/000161366517000096/0001613665-17-000096-index.html,https://www.sec.gov/Archives/edgar/data/1613665/000161366517000096/gwb-20170930x10xk.htm
0,2016-09-30,GWB,2016-11-29 00:00:00,2016-11-29 16:06:15,FY,404711000,33524000,404711000,1.0,0.0,224595000,0.0,1263000.0,258119000,109055000,33524000,16259000,229899000,0.552803348667,180116000,0.497318968231,0.0,180116000,0.497318968231,58863000,121253000,0.334792116496,2.13739,2.13739,56729350,56729350,https://www.sec.gov/Archives/edgar/data/1613665/000161366516000271/0001613665-16-000271-index.html,https://www.sec.gov/Archives/edgar/data/1613665/000161366516000271/gwb-2016930x10xk.htm
0,2015-09-30,GWB,2015-12-11 00:00:00,2015-12-11 16:25:04,FY,367387000,29884000,367387000,1.0,0.0,205835000,0.0,5382000.0,235719000,100646000,29884000,20984000,212420000,0.569984137788,161552000,0.484418150688,0.0,161552000,0.484418150688,52487000,109065000,0.327034426097,1.89675,1.89675,57500880,57500880,https://www.sec.gov/Archives/edgar/data/1613665/000161366515000132/0001613665-15-000132-index.html,https://www.sec.gov/Archives/edgar/data/1613665/000161366515000132/gwb-2015930x10xk.htm
