,date,symbol,fillingDate,acceptedDate,period,revenue,costOfRevenue,grossProfit,grossProfitRatio,researchAndDevelopmentExpenses,generalAndAdministrativeExpenses,sellingAndMarketingExpenses,otherExpenses,operatingExpenses,costAndExpenses,interestExpense,depreciationAndAmortization,ebitda,ebitdaratio,operatingIncome,operatingIncomeRatio,totalOtherIncomeExpensesNet,incomeBeforeTax,incomeBeforeTaxRatio,incomeTaxExpense,netIncome,netIncomeRatio,eps,epsdiluted,weightedAverageShsOut,weightedAverageShsOutDil,link,finalLink
0,2019-12-31,XNET,2020-04-28,2020-04-28 16:03:03,FY,180665000,99913000,80752000,0.4469709130158027,68571000,70750000,31820000,366000.0,-2061000.0,237173000,75000.0,0.0,-41587000,-0.23018847037334292,-56508000,-0.26977555143497634,5947000.0,-48739000,-0.26977555143497634,4676000.0,-53169000,-0.2942960728420004,-0.787,-0.787,67569135,67569135,https://www.sec.gov/Archives/edgar/data/1510593/000110465920052375/tm206466d1_20f.htm,https://www.sec.gov/Archives/edgar/data/1510593/000110465920052375/tm206466d1_20f.htm
0,2018-12-31,XNET,2019-04-29,2019-04-29 16:03:43,FY,230604000,115667000,114937000,0.4984172000485681,76763000,76155000,35322000,1061000.0,-2096000.0,266489000,239000.0,0.0,-27122000,-0.11761287748694732,-35885000,-0.1772822674368181,-5941000.0,-40882000,-0.1772822674368181,-89000.0,-39278000,-0.17032662052696398,-0.5865,-0.5865,66993197,66993197,https://www.sec.gov/Archives/edgar/data/1510593/000114420419021919/tv518889_20f.htm,https://www.sec.gov/Archives/edgar/data/1510593/000114420419021919/tv518889_20f.htm
0,2017-12-31,XNET,2018-04-25,,FY,200583000,117876000,82707000,0.41233304916169367,66947000,56405000,19888000,704000.0,-2788000.0,238440000,239000.0,0.0,-27012000,-0.13466744439957523,-37857000,-0.23166469740705842,-10339000,-46468000,-0.23166469740705842,-2252000.0,-37822000,-0.18856034658969106,-0.57,-0.57,66346393,66346393,https://www.sec.gov/Archives/edgar/data/1510593/000114420418022366/tv488622_20f.htm,https://www.sec.gov/Archives/edgar/data/1510593/000114420418022366/tv488622_20f.htm
0,2016-12-31,XNET,2017-04-20,,FY,156162000,80319000,75843000,0.4856687286279633,64360000,44950000,18782000,458000.0,-2358000.0,187271000,239000.0,0.0,-20300000,-0.12999321217709814,-31109000,-0.16162702834236242,3950000.0,-25240000,-0.16162702834236242,-1264000.0,-24111000,-0.1543973565912322,-0.3605,-0.3605,66831134,66831134,https://www.sec.gov/Archives/edgar/data/1510593/000114420417021264/v463702_20f.htm,https://www.sec.gov/Archives/edgar/data/1510593/000114420417021264/v463702_20f.htm
0,2015-12-31,XNET,2016-04-21,,FY,129635000,60034000,69601000,0.5368997570100668,38250000,43816000,15042000,175000.0,-1902000.0,140198000,239000.0,0.0,13228000,0.10204034404288966,-10563000,-0.02511667373780229,1713000.0,-3256000.0,-0.02511667373780229,-886000.0,-13167000,-0.10156979210861264,-0.196,-0.196,67197519,67197519,https://www.sec.gov/Archives/edgar/data/1510593/000114420416095542/v435200_20f.htm,https://www.sec.gov/Archives/edgar/data/1510593/000114420416095542/v435200_20f.htm
0,2014-12-31,XNET,2015-04-20,,FY,179529000,98459000,81070000,0.4515704983595965,35287000,59213000,29253000,-68000.0,-2236000.0,190723000,163000.0,0.0,40453000,0.22532849845985886,-11194000,0.04680580853232626,13027000,8403000.0,0.04680580853232626,-1459000.0,10812000,0.06022425346322878,-2.703,-2.703,38942245,38942245,https://www.sec.gov/Archives/edgar/data/1510593/000119312515138408/d903210d20f.htm,https://www.sec.gov/Archives/edgar/data/1510593/000119312515138408/d903210d20f.htm
