,date,symbol,fillingDate,acceptedDate,period,revenue,costOfRevenue,grossProfit,grossProfitRatio,researchAndDevelopmentExpenses,generalAndAdministrativeExpenses,sellingAndMarketingExpenses,otherExpenses,operatingExpenses,costAndExpenses,interestExpense,depreciationAndAmortization,ebitda,ebitdaratio,operatingIncome,operatingIncomeRatio,totalOtherIncomeExpensesNet,incomeBeforeTax,incomeBeforeTaxRatio,incomeTaxExpense,netIncome,netIncomeRatio,eps,epsdiluted,weightedAverageShsOut,weightedAverageShsOutDil,link,finalLink
0,2019-12-31,MMT.PA,2019-12-31,2019-12-31,FY,1456100000,715800000,740300000,0.508412883730513,0.0,0.0,0.0,0.0,67500000,1181000000,2500000.0,121900000,399100000,0.27408831811001994,275100000,0.1894787445917176,0.0,275900000,0.1894787445917176,101800000,172700000,0.11860449144976307,1.3707518805830805,1.3707518805830805,125989249,125989249,https://www.infogreffe.com/recherche-entreprise-dirigeants/resultats-entreprise-dirigeants.html?ga_cat=globale&ga_q=M.M.T#phrase=M.M.T,https://www.infogreffe.com/recherche-entreprise-dirigeants/resultats-entreprise-dirigeants.html?ga_cat=globale&ga_q=M.M.T#phrase=M.M.T
0,2018-12-31,MMT.PA,2018-12-31,2018-12-31,FY,1421400000,711100000,710300000,0.4997185873082876,0.0,0.0,0.0,0.0,57200000,1161200000,1500000.0,120200000,383100000,0.2695230054875475,260200000,0.19136063036442943,0.0,272000000,0.19136063036442943,97400000,181800000,0.12790206838328408,1.443,1.438,125989249,126456359,https://www.infogreffe.com/recherche-entreprise-dirigeants/resultats-entreprise-dirigeants.html?ga_cat=globale&ga_q=M.M.T#phrase=M.M.T,https://www.infogreffe.com/recherche-entreprise-dirigeants/resultats-entreprise-dirigeants.html?ga_cat=globale&ga_q=M.M.T#phrase=M.M.T
0,2017-12-31,MMT.PA,2017-12-31,2017-12-31,FY,1387300000,708500000,678800000,0.48929575434296835,0.0,0.0,0.0,0.0,42400000,1141200000,700000.0,137000000,383600000,0.2765083255243999,246100000,0.17732285734880704,0.0,246000000,0.17732285734880704,87500000,158400000,0.11417862034167087,1.257,1.257,125997253,126802721,https://www.infogreffe.com/recherche-entreprise-dirigeants/resultats-entreprise-dirigeants.html?ga_cat=globale&ga_q=M.M.T#phrase=M.M.T,https://www.infogreffe.com/recherche-entreprise-dirigeants/resultats-entreprise-dirigeants.html?ga_cat=globale&ga_q=M.M.T#phrase=M.M.T
0,2016-12-31,MMT.PA,2016-12-31,2016-12-31,FY,1278700000,647900000,630800000,0.4933135215453195,0.0,0.0,0.0,0.0,58100000,1036400000,200000.0,140400000,384900000,0.3010088371001799,242300000,0.19293031985610384,0.0,246700000,0.19293031985610384,94000000,152700000,0.11941815906780323,1.21,1.204,126197775,126851353,https://www.infogreffe.com/recherche-entreprise-dirigeants/resultats-entreprise-dirigeants.html?ga_cat=globale&ga_q=M.M.T#phrase=M.M.T,https://www.infogreffe.com/recherche-entreprise-dirigeants/resultats-entreprise-dirigeants.html?ga_cat=globale&ga_q=M.M.T#phrase=M.M.T
0,2015-12-31,MMT.PA,2015-12-31,2015-12-31,FY,1249900000,630100000,619800000,0.4958796703736299,0.0,0.0,0.0,0.0,55400000,1050500000,400000.0,123800000,324900000,0.25994079526362107,199400000,0.16161292903432276,0.0,202000000,0.16161292903432276,87100000,115000000,0.0920073605888471,0.911,0.907,126280161,126830435,https://www.infogreffe.com/recherche-entreprise-dirigeants/resultats-entreprise-dirigeants.html?ga_cat=globale&ga_q=M.M.T#phrase=M.M.T,https://www.infogreffe.com/recherche-entreprise-dirigeants/resultats-entreprise-dirigeants.html?ga_cat=globale&ga_q=M.M.T#phrase=M.M.T
0,2014-12-31,MMT.PA,2014-12-31,2014-12-31,FY,1257900000,647900000,610000000,0.48493520947611096,0.0,0.0,0.0,0.0,54900000,1051100000,300000.0,120600000,327200000,0.260116066459973,206800000,0.16742189363224422,0.0,210600000,0.16742189363224422,87400000,123400000,0.09810000794975753,0.983,0.976,125616965,126425463,https://www.infogreffe.com/recherche-entreprise-dirigeants/resultats-entreprise-dirigeants.html?ga_cat=globale&ga_q=M.M.T#phrase=M.M.T,https://www.infogreffe.com/recherche-entreprise-dirigeants/resultats-entreprise-dirigeants.html?ga_cat=globale&ga_q=M.M.T#phrase=M.M.T
0,2013-12-31,MMT.PA,2013-12-31,2013-12-31,FY,1265000000,645500000,619500000,0.48972332015810277,0.0,0.0,0.0,0.0,57700000,1054000000,300000.0,114100000,328100000,0.2593675889328063,211000000,0.18079051383399208,0.0,228700000,0.18079051383399208,97800000,112000000,0.08853754940711463,0.894,0.889,125317974,125972240,https://www.infogreffe.com/recherche-entreprise-dirigeants/resultats-entreprise-dirigeants.html?ga_cat=globale&ga_q=M.M.T#phrase=M.M.T,https://www.infogreffe.com/recherche-entreprise-dirigeants/resultats-entreprise-dirigeants.html?ga_cat=globale&ga_q=M.M.T#phrase=M.M.T
0,2012-12-31,MMT.PA,2012-12-31,2012-12-31,FY,1386600000,751000000,635600000,0.45838742247223424,0.0,0.0,0.0,0.0,61200000,1170100000,500000.0,112200000,329300000,0.2374873792009231,216500000,0.16616183470359153,0.0,230400000,0.16616183470359153,90200000,140200000,0.10111063031876533,1.115,1.111,125655902,126137091,https://www.infogreffe.com/recherche-entreprise-dirigeants/resultats-entreprise-dirigeants.html?ga_cat=globale&ga_q=M.M.T#phrase=M.M.T,https://www.infogreffe.com/recherche-entreprise-dirigeants/resultats-entreprise-dirigeants.html?ga_cat=globale&ga_q=M.M.T#phrase=M.M.T
0,2011-12-31,MMT.PA,2011-12-31,2011-12-31,FY,1437700000,1192700000,245000000,0.17041107324198373,0.0,0.0,0.0,0.0,0.0,1196100000,0.0,3400000.0,245000000,0.17041107324198373,241600000,0.17013285108158865,0.0,244600000,0.17013285108158865,94600000,149600000,0.10405508798775823,1.17,1.17,127890000,127890000,https://www.infogreffe.com/recherche-entreprise-dirigeants/resultats-entreprise-dirigeants.html?ga_cat=globale&ga_q=M.M.T#phrase=M.M.T,https://www.infogreffe.com/recherche-entreprise-dirigeants/resultats-entreprise-dirigeants.html?ga_cat=globale&ga_q=M.M.T#phrase=M.M.T
0,2010-12-31,MMT.PA,2010-12-31,2010-12-31,FY,1479400000,1237200000,242200000,0.16371501960254156,0.0,0.0,0.0,0.0,0.0,1237400000,0.0,200000.0,241600000,0.1633094497769366,242000000,0.16608084358523725,0.0,245700000,0.16608084358523725,88700000,157100000,0.10619169933756928,1.223,1.223,128454620,128454620,https://www.infogreffe.com/recherche-entreprise-dirigeants/resultats-entreprise-dirigeants.html?ga_cat=globale&ga_q=M.M.T#phrase=M.M.T,https://www.infogreffe.com/recherche-entreprise-dirigeants/resultats-entreprise-dirigeants.html?ga_cat=globale&ga_q=M.M.T#phrase=M.M.T
0,2009-12-31,MMT.PA,2009-12-31,2009-12-31,FY,1376600000,758800000,617800000,0.4487868661920674,0.0,0.0,0.0,1900000.0,310400000,1187600000,800000.0,129600000,341100000,0.24778439633880575,189000000,0.14877233764346942,0.0,204800000,0.14877233764346942,65600000,139200000,0.10111869824204563,1.082,1.08,128622161,128906628,https://www.infogreffe.com/recherche-entreprise-dirigeants/resultats-entreprise-dirigeants.html?ga_cat=globale&ga_q=M.M.T#phrase=M.M.T,https://www.infogreffe.com/recherche-entreprise-dirigeants/resultats-entreprise-dirigeants.html?ga_cat=globale&ga_q=M.M.T#phrase=M.M.T
0,2008-12-31,MMT.PA,2008-12-31,2008-12-31,FY,1354900000,801600000,553300000,0.4083696213742712,0.0,0.0,0.0,3100000.0,284600000,1162000000,1600000.0,88700000,294700000,0.21750682707210864,192900000,0.14340541737397594,0.0,194300000,0.14340541737397594,55900000,138400000,0.10214775998228652,1.074,1.074,128888454,128888454,https://www.infogreffe.com/recherche-entreprise-dirigeants/resultats-entreprise-dirigeants.html?ga_cat=globale&ga_q=M.M.T#phrase=M.M.T,https://www.infogreffe.com/recherche-entreprise-dirigeants/resultats-entreprise-dirigeants.html?ga_cat=globale&ga_q=M.M.T#phrase=M.M.T
0,2007-12-31,MMT.PA,2007-12-31,2007-12-31,FY,1356400000,786700000,569700000,0.420008846947803,0.0,0.0,0.0,0.0,60600000,1121300000,1100000.0,85300000,343100000,0.2529489826010027,235100000,0.1891035092892952,0.0,256500000,0.1891035092892952,87900000,168700000,0.12437334119728694,1.291,1.291,130730034,130730034,https://www.infogreffe.com/recherche-entreprise-dirigeants/resultats-entreprise-dirigeants.html?ga_cat=globale&ga_q=M.M.T#phrase=M.M.T,https://www.infogreffe.com/recherche-entreprise-dirigeants/resultats-entreprise-dirigeants.html?ga_cat=globale&ga_q=M.M.T#phrase=M.M.T
0,2006-12-31,MMT.PA,2006-12-31,2006-12-31,FY,1283400000,741100000,542300000,0.42254947794919745,0.0,0.0,0.0,0.0,57100000,1061300000,1800000.0,82700000,313900000,0.2445846968988624,222100000,0.17749727286894187,0.0,227800000,0.17749727286894187,75500000,408500000,0.31829515349851956,3.106,3.085,131534003,132435800,https://www.infogreffe.com/recherche-entreprise-dirigeants/resultats-entreprise-dirigeants.html?ga_cat=globale&ga_q=M.M.T#phrase=M.M.T,https://www.infogreffe.com/recherche-entreprise-dirigeants/resultats-entreprise-dirigeants.html?ga_cat=globale&ga_q=M.M.T#phrase=M.M.T
0,2005-12-31,MMT.PA,2005-12-31,2005-12-31,FY,1079900000,628500000,451400000,0.4180016668210019,0.0,0.0,0.0,0.0,51400000,858800000,300000.0,67800000,312700000,0.2895638485044912,221100000,0.21881655708861933,0.0,236300000,0.21881655708861933,85100000,156200000,0.14464302250208352,1.192,1.188,131042580,131460303,https://www.infogreffe.com/recherche-entreprise-dirigeants/resultats-entreprise-dirigeants.html?ga_cat=globale&ga_q=M.M.T#phrase=M.M.T,https://www.infogreffe.com/recherche-entreprise-dirigeants/resultats-entreprise-dirigeants.html?ga_cat=globale&ga_q=M.M.T#phrase=M.M.T
0,2004-12-31,MMT.PA,2004-12-31,2004-12-31,FY,1012200000,580600000,431600000,0.4263979450701442,0.0,0.0,0.0,-7600000.0,-10200000,800800000,0.0,80700000,295500000,0.2919383521043272,211400000,0.2086544161232958,0.0,211200000,0.2086544161232958,80800000,128800000,0.1272475795297372,98.5,97.1,130741455,132668145,https://www.infogreffe.com/recherche-entreprise-dirigeants/resultats-entreprise-dirigeants.html?ga_cat=globale&ga_q=M.M.T#phrase=M.M.T,https://www.infogreffe.com/recherche-entreprise-dirigeants/resultats-entreprise-dirigeants.html?ga_cat=globale&ga_q=M.M.T#phrase=M.M.T
