,date,symbol,fillingDate,acceptedDate,period,revenue,costOfRevenue,grossProfit,grossProfitRatio,researchAndDevelopmentExpenses,generalAndAdministrativeExpenses,sellingAndMarketingExpenses,otherExpenses,operatingExpenses,costAndExpenses,interestExpense,depreciationAndAmortization,ebitda,ebitdaratio,operatingIncome,operatingIncomeRatio,totalOtherIncomeExpensesNet,incomeBeforeTax,incomeBeforeTaxRatio,incomeTaxExpense,netIncome,netIncomeRatio,eps,epsdiluted,weightedAverageShsOut,weightedAverageShsOutDil,link,finalLink
0,2019-12-31,CFN.LS,2019-12-31,2019-12-31,FY,88023974,10027053,77996921,0.88608724936686,0.0,34337470,12733837,-272776.0,0.0,75683651,1668765.0,3594048.0,14608256,0.16595769693379214,12340323,0.11878218540780719,0.0,10455680,0.11878218540780719,3306230.0,7149450.0,0.08122162264566696,0.07,0.07,102565836,102565836,https://find-and-update.company-information.service.gov.uk/search/companies?q=Cofina+SGPS+SA,https://find-and-update.company-information.service.gov.uk/search/companies?q=Cofina+SGPS+SA
0,2018-12-31,CFN.LS,2018-12-31,2018-12-31,FY,89292542,10316924,78975618,0.8844592866445665,0.0,34191616,13203650,-127268.0,127268.0,76206018,1542078.0,1288309.0,13063892,0.14630440244382337,13086524,0.11325334427146222,0.0,10112679,0.11325334427146222,3913523.0,6653405.0,0.07451243800406085,0.06,0.06,102565836,102565836,https://find-and-update.company-information.service.gov.uk/search/companies?q=Cofina+SGPS+SA,https://find-and-update.company-information.service.gov.uk/search/companies?q=Cofina+SGPS+SA
0,2017-12-31,CFN.LS,2017-12-31,2017-12-31,FY,91057924,10612088,80445836,0.8834578306441513,0.0,34061215,11879271,-367458.0,367458.0,81622853,1977297.0,1511602.0,10000721,0.1098281243486289,9435071.0,0.07345838457727194,0.0,6688968.0,0.07345838457727194,1621866.0,5067102.0,0.055647018704270045,0.05,0.05,102565836,102565836,https://find-and-update.company-information.service.gov.uk/search/companies?q=Cofina+SGPS+SA,https://find-and-update.company-information.service.gov.uk/search/companies?q=Cofina+SGPS+SA
0,2016-12-31,CFN.LS,2016-12-31,2016-12-31,FY,99925564,13170946,86754618,0.8681924277154943,0.0,36998409,14036701,-336795.0,336795.0,87592114,2047582.0,2214577.0,11457371,0.11465905761612714,12333450,0.06100995336888967,0.0,6096454.0,0.06100995336888967,1763443.0,4333011.0,0.04336238722655596,0.04,0.04,102565836,102565836,https://find-and-update.company-information.service.gov.uk/search/companies?q=Cofina+SGPS+SA,https://find-and-update.company-information.service.gov.uk/search/companies?q=Cofina+SGPS+SA
0,2015-12-31,CFN.LS,2015-12-31,2015-12-31,FY,100675661,13478818,87196843,0.8661164191412659,0.0,36956494,13890730,-278905.0,791820.0,89098064,2445210.0,2892150.0,13699886,0.13607942440030268,11577597,0.08320967467996063,0.0,8377189.0,0.08320967467996063,3315963.0,5061226.0,0.05027258773101077,0.05,0.05,102565836,102565836,https://find-and-update.company-information.service.gov.uk/search/companies?q=Cofina+SGPS+SA,https://find-and-update.company-information.service.gov.uk/search/companies?q=Cofina+SGPS+SA
0,2014-12-31,CFN.LS,2014-12-31,2014-12-31,FY,106077474,14762440,91315034,0.860833413133499,0.0,41147108,0.0,-313924.0,313924.0,90482765,3758296.0,2926813.0,16882883,0.15915615599971772,15594709,0.09325580282954324,0.0,9892340.0,0.09325580282954324,3643963.0,6173887.0,0.05820167814327856,0.06,0.06,102565836,102565836,https://find-and-update.company-information.service.gov.uk/search/companies?q=Cofina+SGPS+SA,https://find-and-update.company-information.service.gov.uk/search/companies?q=Cofina+SGPS+SA
0,2013-12-31,CFN.LS,2013-12-31,2013-12-31,FY,107659070,15444816,92214254,0.85653957441765,0.0,42166788,0.0,-44579.0,-249448.0,93608152,3081657.0,3872455.0,15667379,0.14552772005182657,14050918,0.08445225283852072,0.0,9092051.0,0.08445225283852072,4290533.0,4681002.0,0.04347986658253689,0.05,0.05,102565836,102565836,https://find-and-update.company-information.service.gov.uk/search/companies?q=Cofina+SGPS+SA,https://find-and-update.company-information.service.gov.uk/search/companies?q=Cofina+SGPS+SA
0,2012-12-31,CFN.LS,2012-12-31,2012-12-31,FY,113327307,17818716,95508591,0.8427676746964436,0.0,45354176,0.0,-307130.0,-23866.0,99531216,4277799.0,3172003.0,17474213,0.15419243130872246,13796091,0.08737247237331776,0.0,9901687.0,0.08737247237331776,5654732.0,3986740.0,0.035178988238024574,0.04,0.04,102565836,102565836,https://find-and-update.company-information.service.gov.uk/search/companies?q=Cofina+SGPS+SA,https://find-and-update.company-information.service.gov.uk/search/companies?q=Cofina+SGPS+SA
0,2011-12-31,CFN.LS,2011-12-31,2011-12-31,FY,114455110,67077528,47377582,0.413940295020467,0.0,0.0,0.0,11830098,0.0,106845352,5644950.0,3362787.0,25961947,0.2268308247661463,7609758.0,0.11679209429793043,0.0,13367452,0.11679209429793043,8417398.0,4950054.0,0.043248868486518426,0.05,0.05,102565836,102565836,https://find-and-update.company-information.service.gov.uk/search/companies?q=Cofina+SGPS+SA,https://find-and-update.company-information.service.gov.uk/search/companies?q=Cofina+SGPS+SA
0,2010-12-31,CFN.LS,2010-12-31,2010-12-31,FY,120015169,0.0,0.0,0.0,0.0,70761003,0.0,-385235.0,-14578891,99855488,5434575.0,3618866.0,12835692,0.10695058055536297,20159681,0.025926464345519522,0.0,3111569.0,0.025926464345519522,-2138778.0,5250347.0,0.04374736163559458,0.05,0.05,102565836,102565836,https://find-and-update.company-information.service.gov.uk/search/companies?q=Cofina+SGPS+SA,https://find-and-update.company-information.service.gov.uk/search/companies?q=Cofina+SGPS+SA
0,2009-12-31,CFN.LS,2009-12-31,2009-12-31,FY,118126526,19537928,98588598,0.8346016880239076,0.0,51852251,0.0,0.0,1825630.0,99704548,0.0,2973534.0,9530050.0,0.08067662973513672,18421978,0.21007249464019623,0.0,24815134,0.21007249464019623,7544678.0,17091529,0.1446883234338069,0.17,0.14,102565836,122082350,https://find-and-update.company-information.service.gov.uk/search/companies?q=Cofina+SGPS+SA,https://find-and-update.company-information.service.gov.uk/search/companies?q=Cofina+SGPS+SA
0,2008-12-31,CFN.LS,2008-12-31,2008-12-31,FY,144033033,21130471,122902562,0.8532942717383449,0.0,0.0,0.0,0.0,61828245,127274287,11642785,3579193.0,-57534764,-0.39945533883189144,16758746,-0.5051392759326259,0.0,-72756742,-0.5051392759326259,560356.0,-73317098,-0.509029744586438,-0.71,-0.71,102565836,127075636,https://find-and-update.company-information.service.gov.uk/search/companies?q=Cofina+SGPS+SA,https://find-and-update.company-information.service.gov.uk/search/companies?q=Cofina+SGPS+SA
0,2007-12-31,CFN.LS,2007-12-31,2007-12-31,FY,134635226,21077832,113557394,0.84344489457759,0.0,91302979,0.0,0.0,-18779466,97215656,0.0,3614311.0,41033881,0.30477819378414384,37419570,0.028844122859793025,0.0,3883435.0,0.028844122859793025,-6250089.0,10133524,0.07526651308922674,0.1,0.08,102565836,127075636,https://find-and-update.company-information.service.gov.uk/search/companies?q=Cofina+SGPS+SA,https://find-and-update.company-information.service.gov.uk/search/companies?q=Cofina+SGPS+SA
0,2006-12-31,CFN.LS,2006-12-31,2006-12-31,FY,114439577,73959805,40479772,0.35372178979654917,0.0,0.0,0.0,0.0,-15817940,99177377,6389850.0,3118246.0,23005222,0.2010250527228006,15262200,0.11268553535460901,0.0,12895685,0.11268553535460901,3193569.0,9702116.0,0.08477937663121561,0.18,0.15,53109433,65800809,https://find-and-update.company-information.service.gov.uk/search/companies?q=Cofina+SGPS+SA,https://find-and-update.company-information.service.gov.uk/search/companies?q=Cofina+SGPS+SA
0,2005-12-31,CFN.LS,2005-12-31,2005-12-31,FY,109706810,17877750,91829060,0.8370406540851931,0.0,0.0,0.0,-726000.0,41458460,96077930,4452150.0,2887600.0,15393380,0.1403138054966688,13628880,0.08955879767172156,0.0,9825210.0,0.08955879767172156,2235080.0,10567260,0.09632273511553202,0.105,0.105,102565836,102565836,https://find-and-update.company-information.service.gov.uk/search/companies?q=Cofina+SGPS+SA,https://find-and-update.company-information.service.gov.uk/search/companies?q=Cofina+SGPS+SA
0,2004-12-31,CFN.LS,2004-12-31,2004-12-31,FY,110595300,22697120,87898180,0.7947731956059616,0.0,0.0,0.0,0.0,41610430,99277040,4052870.0,2963710.0,16468010,0.14890334399382252,11318260,0.02596023519986835,0.0,2871080.0,0.02596023519986835,-1024040.0,18834120,0.17029765279356357,0.185,0.185,102565836,102565836,https://find-and-update.company-information.service.gov.uk/search/companies?q=Cofina+SGPS+SA,https://find-and-update.company-information.service.gov.uk/search/companies?q=Cofina+SGPS+SA
