,date,symbol,fillingDate,acceptedDate,period,revenue,costOfRevenue,grossProfit,grossProfitRatio,researchAndDevelopmentExpenses,generalAndAdministrativeExpenses,sellingAndMarketingExpenses,otherExpenses,operatingExpenses,costAndExpenses,interestExpense,depreciationAndAmortization,ebitda,ebitdaratio,operatingIncome,operatingIncomeRatio,totalOtherIncomeExpensesNet,incomeBeforeTax,incomeBeforeTaxRatio,incomeTaxExpense,netIncome,netIncomeRatio,eps,epsdiluted,weightedAverageShsOut,weightedAverageShsOutDil,link,finalLink
0,2019-12-31,TDS,2020-02-25,2020-02-25 09:18:46,FY,5176000000,2337000000,2839000000,0.5484930448222566,0.0,1717000000,0.0,3280000000,2660000000,4997000000,165000000,932000000,1282000000,0.247682,179000000,0.034583,-22012.0,211000000,0.040765,64000000,121000000,0.023377,1.0431,1.0431,114000000,114000000,https://www.sec.gov/Archives/edgar/data/1051512/000105151220000014/0001051512-20-000014-index.htm,https://www.sec.gov/Archives/edgar/data/1051512/000105151220000014/tds1231201910-k.htm
0,2018-12-31,TDS,2019-02-22,2019-02-22 10:22:47,FY,5109000000,2336000000,2773000000,0.5427676649050694,0.0,1694000000,0.0,3210000000,2568000000,4904000000,172000000,883000000,1236000000,0.241926,205000000,0.040125,2000000.0,221000000,0.043257,46000000,135000000,0.026424,1.18421,1.18421,112000.0,112000.0,https://www.sec.gov/Archives/edgar/data/1051512/000105151219000008/0001051512-19-000008-index.htm,https://www.sec.gov/Archives/edgar/data/1051512/000105151219000008/tds1231201810-k.htm
0,2017-12-31,TDS,2018-02-26,2018-02-26 08:57:55,FY,5044000000,2359000000,2685000000,0.5323156225218081,0.0,1686000000,0.0,3463000000,2790000000,5149000000,170000000,844000000,888000000,0.176051,-105000000,-0.020817,1000000.0,-122000000,-0.024187,-279000000,153000000,0.030333,1.36607,1.36607,111000000,111000000,https://www.sec.gov/Archives/edgar/data/1051512/000105151218000009/0001051512-18-000009-index.htm,https://www.sec.gov/Archives/edgar/data/1051512/000105151218000009/tds10k.htm
0,2016-12-31,TDS,2017-02-24,2017-02-24 08:49:56,FY,5155000000,2429000000,2726000000,0.5288069835111542,0.0,1759000000,0.0,3285000000,2615000000,5044000000,170000000,850000000,1103000000,0.213967,111000000,0.021532,0.0,92000000,0.017847,40000000,43000000,0.008341,0.38739,0.38739,110000000,110000000,https://www.sec.gov/Archives/edgar/data/1051512/000105151217000013/0001051512-17-000013-index.htm,https://www.sec.gov/Archives/edgar/data/1051512/000105151217000013/TDSform10k.htm
0,2015-12-31,TDS,2016-02-24,2016-02-24 09:09:06,FY,5210000000,2415000000,2795000000,0.536468330134357,0.0,1781000000,0.0,2998707000,2364000000,4779000000,141719000,844000000,1376711000,0.264244,431000000,0.082726,1000000.0,435000000,0.083493,171992000,219000000,0.042035,1.99091,1.99091,108503.0,108503.0,https://www.sec.gov/Archives/edgar/data/1051512/000105151216000077/0001051512-16-000077-index.htm,https://www.sec.gov/Archives/edgar/data/1051512/000105151216000077/TDSform10k.htm
0,2014-12-31,TDS,2015-02-25,2015-02-25 09:33:37,FY,5009438000,2511469000,2497969000,0.49865254345896687,0.0,1865807000,0.0,3333495000,2687832999.9999995,5199302000,111397000,836532000,806642000,0.161024,-189864000,-0.037901,115000.0,-152224000,-0.030387,-4932000.0,-136355000,-0.02722,-1.2569,-1.2569,108650.0,108650.0,https://www.sec.gov/Archives/edgar/data/1051512/000105151215000011/0001051512-15-000011-index.htm,https://www.sec.gov/Archives/edgar/data/1051512/000105151215000011/form10k.htm
0,2013-12-31,TDS,2014-02-28,2014-02-28 09:04:23,FY,4901200000,2225300000,2675900000,0.5459683342854811,0.0,1947800000,0.0,2718099000,2440599999.9999995,4665899999.999999,98811000,1018100000,1384854000,0.282554,235400000,0.048029,6461.0,292900000,0.059761,126043000,141900000,0.028952,1.30064,1.30064,108405.0,108405.0,https://www.sec.gov/Archives/edgar/data/1051512/000105151214000011/0001051512-14-000011-index.htm,https://www.sec.gov/Archives/edgar/data/1051512/000105151214000011/form10k.htm
0,2012-12-31,TDS,2013-02-26,2013-02-26 15:59:28,FY,5345300000,2272600000,3072700000,0.5748414494976896,0.0,2033900000,0.0,3127513000,2888799999.9999995,5161400000,86745000,813600000,1055827000,0.197524,183900000,0.034404,700000.0,196200000,0.036705,73582000,81900000,0.015322,0.75207,0.75207,108735.0,108735.0,https://www.sec.gov/Archives/edgar/data/1051512/000104746913001701/0001047469-13-001701-index.htm,https://www.sec.gov/Archives/edgar/data/1051512/000104746913001701/a2213081z10-k.htm
0,2011-12-31,TDS,2012-02-27,2012-02-24 18:44:55,FY,5180500000,2041100000,3139400000,0.6060032815365313,0.0,2011900000,0.0,2806108000,2776900000,4818000000,118201000,765800000,1198104000,0.231272,362500000,0.069974,3700000.0,363700000,0.070206,113503000,200600000,0.038722,1.6914,1.6914,103672.0,103672.0,https://www.sec.gov/Archives/edgar/data/1051512/000104746912001492/0001047469-12-001492-index.htm,https://www.sec.gov/Archives/edgar/data/1051512/000104746912001492/a2207445z10-k.htm
0,2010-12-31,TDS,2011-02-25,2011-02-25 16:24:33,FY,4986800000,1911600000,3075200000,0.6166680035293174,0.0,2011800000,0.0,2685065000,2785200000.0000005,4696800000,115220000,761700000,1113103000,0.22321,290000000,0.058154,-2100000.0,281300000,0.056409,92283000,143900000,0.028856,1.25458,1.25458,105443.0,105443.0,https://www.sec.gov/Archives/edgar/data/1051512/000104746911001407/0001047469-11-001407-index.htm,https://www.sec.gov/Archives/edgar/data/1051512/000104746911001407/a2202094z10-k.htm
0,2009-12-31,TDS,2010-02-25,2010-02-25 15:11:44,FY,5020700000,1864400000,3156300000,0.6286573585356624,0.0,1966700000,0.0,1593542000,2748499999.9999995,4612899999.999999,-22700000,750000000,1054600000,0.21005,407800000,0.081224,2000000.0,387100000,0.077101,133400000,193900000,0.03862,1.62804,1.62804,110408.0,110408.0,https://www.sec.gov/Archives/edgar/data/1051512/000104746910001340/0001047469-10-001340-index.htm,https://www.sec.gov/Archives/edgar/data/1051512/000104746910001340/a2196626z10-k.htm
0,2008-12-31,TDS,2009-02-26,2009-02-26 16:13:31,FY,5092000000,1853700000,3238300000,0.6359583660644148,0.0,1921400000,0.0,1593915000,3110200000,4963900000,22600000,750100000,896300000,0.176021,128200000,0.025177,2200000.0,153000000,0.030047,30100000,93500000,0.018362,0.73972,0.73972,116510.0,116510.0,https://www.sec.gov/Archives/edgar/data/1051512/000104746909001884/0001047469-09-001884-index.htm,https://www.sec.gov/Archives/edgar/data/1051512/000104746909001884/a2190848z10-k.htm
0,2007-12-31,TDS,2008-02-29,2008-02-29 15:20:30,FY,4829000000,1696500000,3132500000,0.6486850279560986,0.0,1797600000,0.0,1449683000,2604600000.0000005,4301100000,164000000,752200000,1571400000,0.325409,527900000,0.109319,-6400000.0,685500000,0.141955,269100000,386100000,0.079954,2.98147,2.98147,117526.0,117526.0,https://www.sec.gov/Archives/edgar/data/1051512/000104746908002048/0001047469-08-002048-index.htm,https://www.sec.gov/Archives/edgar/data/1051512/000104746908002048/a2182847z10-k.htm
0,2006-12-31,TDS,2007-06-19,2007-06-19 15:19:18,FY,4364500000,1541500000,2823000000,0.6468094856226372,0.0,1672700000,0.0,1301915000,2410200000,3951700000,-82400000,737500000,933400000,0.213862,412800000,0.094581,-7000000.0,323300000,0.074075,116500000,161800000,0.037072,1.27402,1.27402,-4.0,-4.0,https://www.sec.gov/Archives/edgar/data/1051512/000110465907048530/0001104659-07-048530-index.htm,https://www.sec.gov/Archives/edgar/data/1051512/000110465907048530/a07-16206_110k.htm
0,2005-12-31,TDS,2006-07-28,2006-07-28 13:03:45,FY,3953000000,1433700000,2519300000,0.6373134328358209,0.0,1502100000,0.0,1001827000,2136300000,3570000000,667900000,678900000,2420000000,0.612193,382900000,0.096863,-9500000.0,1041300000,0.26342,423200000,650000000,0.164432,5.15055,5.15055,-4.0,-4.0,https://www.sec.gov/Archives/edgar/data/1051512/000110465906049532/0001104659-06-049532-index.htm,https://www.sec.gov/Archives/edgar/data/1051512/000110465906049532/a06-12108_210k.htm
0,2004-12-31,TDS,2005-03-11,2005-03-11 14:41:05,FY,3703900000,1323900000,2380000000,0.6425659440049677,0.0,1380700000,0.0,809267000,2158000000,3481900000,-66800000,670700000,730100000,0.197117,222000000,0.059937,-6600000.0,148600000,0.04012,59300000,66900000,0.018062,0.53435,0.53435,57829.0,57829.0,https://www.sec.gov/Archives/edgar/data/1051512/000104746905006188/0001047469-05-006188-index.htm,https://www.sec.gov/Archives/edgar/data/1051512/000104746905006188/a2152933z10-k.htm
0,2003-12-31,TDS,2004-03-12,2004-03-11 20:40:34,FY,3445200000,1182900000,2262300000,0.6566527342389411,0.0,1298300000,0.0,0.0,1994400000,3177300000,-92048000,595700000,600652000,0.174345,267900000,0.07776,-12000000,130700000,0.037937,50400000,46600000,0.013526,0.37043,0.37043,-2.0,-2.0,https://www.sec.gov/Archives/edgar/data/1051512/000104746904007560/0001047469-04-007560-index.htm,https://www.sec.gov/Archives/edgar/data/1051512/000104746904007560/a2129467z10-k.htm
0,2002-12-31,TDS,2003-03-20,2003-03-20 16:44:28,FY,2985400000,2599000000,386400000,0.12942989214175654,0.0,0.0,0.0,71037000,71037.0,2599000000,-101062000,510400000,-1152062000,-0.385899,386400000,0.12943,2400000.0,-1555700000,-0.521103,-577000000,-984400000,-0.329738,-7.72078,-7.72078,-16000000,-16000000,https://www.sec.gov/Archives/edgar/data/1051512/000104746903009440/0001047469-03-009440-index.htm,https://www.sec.gov/Archives/edgar/data/1051512/000104746903009440/a2103557z10-k.htm
0,2001-12-31,TDS,2002-03-27,2002-03-27 00:00:00,FY,2588500000,2152400000,436100000,0.16847595132316012,0.0,0.0,0.0,68594000,68594.0,2152400000,-93334000,450000000,113666000,0.043912,436200000,0.168515,3800000.0,-172000000,-0.066448,-44900000,-198100000,-0.076531,-1.55373,-1.55373,0.0,0.0,https://www.sec.gov/Archives/edgar/data/1051512/000091205702011942/0000912057-02-011942-index.htm,https://www.sec.gov/Archives/edgar/data/1051512/000091205702011942/a2072500z10-k405.htm
0,2000-12-31,TDS,2001-03-28 00:00:00,2001-03-28 00:00:00,FY,2326900000,1906800000,420100000,0.180541,0.0,0.0,0.0,0.0,0.0,1906800000,-55300000,399100000,2730300000,1.173364,420100000,0.180541,-18300000,346400000,0.148868,149500000,2237000000,0.961365,16.97269,16.97269,131800000,131800000,https://www.sec.gov/Archives/edgar/data/1051512/000091205701008587/0000912057-01-008587-index.html,https://www.sec.gov/Archives/edgar/data/1051512/000091205701008587/a2040614z10-k.htm
0,1999-12-31,TDS,,,FY,1963100000,1592700000,370400000,0.188681,0.0,0.0,0.0,0.0,0.0,1592700000,261200000,353300000,1072700000,0.546432,370400000,0.188681,-24100000,607400000,0.309409,228200000,230000000,0.117162,1.69617,1.69617,135600000,135600000,,
0,1998-12-31,TDS,,,FY,1805700000,1815200000,-9500000.0,-0.005261,0.0,0.0,0.0,0.0,0.0,1815200000,164400000,409500000,707600000,0.39187,-9500000.0,-0.005261,-49700000,105200000,0.05826,69300000,64400000,0.035665,0.48385,0.48385,133100000,133100000,,
