,date,symbol,fillingDate,acceptedDate,period,revenue,costOfRevenue,grossProfit,grossProfitRatio,researchAndDevelopmentExpenses,generalAndAdministrativeExpenses,sellingAndMarketingExpenses,otherExpenses,operatingExpenses,costAndExpenses,interestExpense,depreciationAndAmortization,ebitda,ebitdaratio,operatingIncome,operatingIncomeRatio,totalOtherIncomeExpensesNet,incomeBeforeTax,incomeBeforeTaxRatio,incomeTaxExpense,netIncome,netIncomeRatio,eps,epsdiluted,weightedAverageShsOut,weightedAverageShsOutDil,link,finalLink
0,2019-12-31,SESG.PA,2019-12-31,2019-12-31,FY,1940900000,269100000,1671800000,0.8613529805760214,0.0,0.0,0.0,43000000,179500000,1611500000,144200000,851200000,1201900000,0.6192488021021175,329400000,0.10278736668555824,0.0,199500000,0.10278736668555824,-76500000,296200000,0.15260961409655316,0.54,0.54,571300000,571300000,https://www.infogreffe.com/recherche-entreprise-dirigeants/resultats-entreprise-dirigeants.html?ga_cat=globale&ga_q=S.E.S.G#phrase=S.E.S.G,https://www.infogreffe.com/recherche-entreprise-dirigeants/resultats-entreprise-dirigeants.html?ga_cat=globale&ga_q=S.E.S.G#phrase=S.E.S.G
0,2018-12-31,SESG.PA,2018-12-31,2018-12-31,FY,1933500000,285800000,1647700000,0.85218515645203,0.0,0.0,0.0,76800000,163300000,1619200000,128000000,864400000,1237200000,0.6398758727695888,314300000,0.12660977501939488,0.0,244800000,0.12660977501939488,-41900000,292400000,0.1512283423842772,0.645361,0.54,453080000,455680000,https://www.infogreffe.com/recherche-entreprise-dirigeants/resultats-entreprise-dirigeants.html?ga_cat=globale&ga_q=S.E.S.G#phrase=S.E.S.G,https://www.infogreffe.com/recherche-entreprise-dirigeants/resultats-entreprise-dirigeants.html?ga_cat=globale&ga_q=S.E.S.G#phrase=S.E.S.G
0,2017-12-31,SESG.PA,2017-12-31,2017-12-31,FY,2035000000,273900000,1761100000,0.8654054054054054,0.0,0.0,0.0,0.0,157700000,1424400000,111000000,713600000,1291900000,0.6348402948402948,610600000,0.22963144963144963,0.0,467300000,0.22963144963144963,-130600000,596100000,0.29292383292383295,1.21,1.21,453180000,454380000,https://www.infogreffe.com/recherche-entreprise-dirigeants/resultats-entreprise-dirigeants.html?ga_cat=globale&ga_q=S.E.S.G#phrase=S.E.S.G,https://www.infogreffe.com/recherche-entreprise-dirigeants/resultats-entreprise-dirigeants.html?ga_cat=globale&ga_q=S.E.S.G#phrase=S.E.S.G
0,2016-12-31,SESG.PA,2016-12-31,2016-12-31,FY,2068800000,231000000,1837800000,0.8883410672853829,0.0,0.0,0.0,0.0,153200000,1248500000,142300000,631200000,1419500000,0.686146558391338,820300000,0.5516241299303944,0.0,1141200000,0.5516241299303944,114100000,962700000,0.46534222737819025,2.18,2.18,434480000,435380000,https://www.infogreffe.com/recherche-entreprise-dirigeants/resultats-entreprise-dirigeants.html?ga_cat=globale&ga_q=S.E.S.G#phrase=S.E.S.G,https://www.infogreffe.com/recherche-entreprise-dirigeants/resultats-entreprise-dirigeants.html?ga_cat=globale&ga_q=S.E.S.G#phrase=S.E.S.G
0,2015-12-31,SESG.PA,2015-12-31,2015-12-31,FY,2014500000,183600000,1830900000,0.9088607594936708,0.0,0.0,0.0,0.0,136200000,1119900000,155600000,599600000,1514100000,0.7516008935219658,894600000,0.3767187887813353,0.0,758900000,0.3767187887813353,84900000,544900000,0.27048895507570114,1.34,1.33,407040000,408440000,https://www.infogreffe.com/recherche-entreprise-dirigeants/resultats-entreprise-dirigeants.html?ga_cat=globale&ga_q=S.E.S.G#phrase=S.E.S.G,https://www.infogreffe.com/recherche-entreprise-dirigeants/resultats-entreprise-dirigeants.html?ga_cat=globale&ga_q=S.E.S.G#phrase=S.E.S.G
0,2014-12-31,SESG.PA,2014-12-31,2014-12-31,FY,1919100000,173500000,1745600000,0.9095930384034183,0.0,0.0,0.0,0.0,123100000,1036500000,189900000,545400000,1461800000,0.7617112188004794,882600000,0.37913605335834505,0.0,727600000,0.37913605335834505,85200000,600800000,0.31306341514251473,1.49,1.49,404320000,404320000,https://www.infogreffe.com/recherche-entreprise-dirigeants/resultats-entreprise-dirigeants.html?ga_cat=globale&ga_q=S.E.S.G#phrase=S.E.S.G,https://www.infogreffe.com/recherche-entreprise-dirigeants/resultats-entreprise-dirigeants.html?ga_cat=globale&ga_q=S.E.S.G#phrase=S.E.S.G
0,2013-12-31,SESG.PA,2013-12-31,2013-12-31,FY,1862500000,179600000,1682900000,0.9035704697986577,0.0,0.0,0.0,0.0,132400000,1011300000,174600000,513500000,1365800000,0.7333154362416108,851200000,0.3638657718120805,0.0,677700000,0.3638657718120805,87500000,566500000,0.30416107382550334,1.41,1.41,402620000,402620000,https://www.infogreffe.com/recherche-entreprise-dirigeants/resultats-entreprise-dirigeants.html?ga_cat=globale&ga_q=S.E.S.G#phrase=S.E.S.G,https://www.infogreffe.com/recherche-entreprise-dirigeants/resultats-entreprise-dirigeants.html?ga_cat=globale&ga_q=S.E.S.G#phrase=S.E.S.G
0,2012-12-31,SESG.PA,2012-12-31,2012-12-31,FY,1828000000,173300000,1654700000,0.9051969365426696,0.0,0.0,0.0,0.0,127400000,1037500000,167400000,556100000,1344400000,0.7354485776805252,790500000,0.33966083150984683,0.0,620900000,0.33966083150984683,-42200000,648800000,0.3549234135667396,1.62,1.62,401220000,401220000,https://www.infogreffe.com/recherche-entreprise-dirigeants/resultats-entreprise-dirigeants.html?ga_cat=globale&ga_q=S.E.S.G#phrase=S.E.S.G,https://www.infogreffe.com/recherche-entreprise-dirigeants/resultats-entreprise-dirigeants.html?ga_cat=globale&ga_q=S.E.S.G#phrase=S.E.S.G
0,2011-12-31,SESG.PA,2011-12-31,2011-12-31,FY,1733100000,135200000,1597900000,0.9219894985863482,0.0,173500000,0.0,0.0,149800000,924900000,173400000,466400000,1289500000,0.7440424672552074,808200000,0.37487738734060355,0.0,649700000,0.37487738734060355,16000000,618000000,0.35658646356240264,2.18,2.18,499477695,499477695,https://www.infogreffe.com/recherche-entreprise-dirigeants/resultats-entreprise-dirigeants.html?ga_cat=globale&ga_q=S.E.S.G#phrase=S.E.S.G,https://www.infogreffe.com/recherche-entreprise-dirigeants/resultats-entreprise-dirigeants.html?ga_cat=globale&ga_q=S.E.S.G#phrase=S.E.S.G
0,2010-12-31,SESG.PA,2010-12-31,2010-12-31,FY,1735700000,129500000,1606200000,0.9253903324307196,0.0,179800000,0.0,0.0,130000000,938300000,201500000,499000000,1302000000,0.7501296306965489,797400000,0.34654606210750705,0.0,601500000,0.34654606210750705,73900000,487500000,0.28086650918937606,1.74,1.74,493700000,493700000,https://www.infogreffe.com/recherche-entreprise-dirigeants/resultats-entreprise-dirigeants.html?ga_cat=globale&ga_q=S.E.S.G#phrase=S.E.S.G,https://www.infogreffe.com/recherche-entreprise-dirigeants/resultats-entreprise-dirigeants.html?ga_cat=globale&ga_q=S.E.S.G#phrase=S.E.S.G
0,2009-12-31,SESG.PA,2009-12-31,2009-12-31,FY,1701600000,166300000,1535300000,0.9022684532204983,0.0,191500000,0.0,0.0,153900000,1000800000,188000000,489100000,1242800000,0.730371415138693,700800000,0.33245181006111896,0.0,565700000,0.33245181006111896,90800000,477400000,0.2805594734367654,1.71,1.71,491000000,491000000,https://www.infogreffe.com/recherche-entreprise-dirigeants/resultats-entreprise-dirigeants.html?ga_cat=globale&ga_q=S.E.S.G#phrase=S.E.S.G,https://www.infogreffe.com/recherche-entreprise-dirigeants/resultats-entreprise-dirigeants.html?ga_cat=globale&ga_q=S.E.S.G#phrase=S.E.S.G
0,2008-12-31,SESG.PA,2008-12-31,2008-12-31,FY,1630300000,178200000,1452100000,0.8906949641170336,0.0,184800000,0.0,0.0,168100000,1006000000,194200000,474900000,1145600000,0.7026927559344905,624300000,0.29227749493958166,0.0,476500000,0.29227749493958166,87400000,388500000,0.23829969944182053,1.37,1.28,332985130,332985130,https://www.infogreffe.com/recherche-entreprise-dirigeants/resultats-entreprise-dirigeants.html?ga_cat=globale&ga_q=S.E.S.G#phrase=S.E.S.G,https://www.infogreffe.com/recherche-entreprise-dirigeants/resultats-entreprise-dirigeants.html?ga_cat=globale&ga_q=S.E.S.G#phrase=S.E.S.G
0,2007-12-31,SESG.PA,2007-12-31,2007-12-31,FY,1610700000,164900000,1445800000,0.8976221518594399,0.0,187900000,0.0,0.0,167600000,997600000,181700000,477200000,1142000000,0.7090085056186751,613100000,0.2999317067113677,0.0,483100000,0.2999317067113677,78300000,405100000,0.2515055565903023,0.91,0.91,533373405,533373405,https://www.infogreffe.com/recherche-entreprise-dirigeants/resultats-entreprise-dirigeants.html?ga_cat=globale&ga_q=S.E.S.G#phrase=S.E.S.G,https://www.infogreffe.com/recherche-entreprise-dirigeants/resultats-entreprise-dirigeants.html?ga_cat=globale&ga_q=S.E.S.G#phrase=S.E.S.G
0,2006-12-31,SESG.PA,2006-12-31,2006-12-31,FY,1615200000,159200000,1456000000,0.9014363546310055,0.0,181700000,0.0,0.0,193900000,1009900000,172800000,475100000,1172400000,0.725854383358098,605300000,0.3247275879148093,0.0,524500000,0.3247275879148093,99400000,435600000,0.26968796433878156,0.82,0.82,662310780,662310780,https://www.infogreffe.com/recherche-entreprise-dirigeants/resultats-entreprise-dirigeants.html?ga_cat=globale&ga_q=S.E.S.G#phrase=S.E.S.G,https://www.infogreffe.com/recherche-entreprise-dirigeants/resultats-entreprise-dirigeants.html?ga_cat=globale&ga_q=S.E.S.G#phrase=S.E.S.G
0,2005-12-31,SESG.PA,2005-12-31,2005-12-31,FY,1258000000,110000000,1148000000,0.9125596184419714,0.0,0.0,0.0,0.0,147100000,782200000,151100000,405300000,1027500000,0.8167726550079492,475800000,0.37448330683624803,0.0,471100000,0.37448330683624803,99300000,380800000,0.3027027027027027,0.67,0.67,687312936,687312936,https://www.infogreffe.com/recherche-entreprise-dirigeants/resultats-entreprise-dirigeants.html?ga_cat=globale&ga_q=S.E.S.G#phrase=S.E.S.G,https://www.infogreffe.com/recherche-entreprise-dirigeants/resultats-entreprise-dirigeants.html?ga_cat=globale&ga_q=S.E.S.G#phrase=S.E.S.G
0,2004-12-31,SESG.PA,2004-12-31,2004-12-31,FY,1077800000,81000000,996800000,0.924846910372982,0.0,0.0,0.0,-7000000.0,125800000,684800000,34700000,393800000,832000000,0.7719428465392466,393000000,0.3686212655409167,0.0,397300000,0.3686212655409167,58600000,340600000,0.3160141028020041,0.38,0.38,737453508,737453508,https://www.infogreffe.com/recherche-entreprise-dirigeants/resultats-entreprise-dirigeants.html?ga_cat=globale&ga_q=S.E.S.G#phrase=S.E.S.G,https://www.infogreffe.com/recherche-entreprise-dirigeants/resultats-entreprise-dirigeants.html?ga_cat=globale&ga_q=S.E.S.G#phrase=S.E.S.G
0,2003-12-31,SESG.PA,2003-12-31,2003-12-31,FY,1207500000,171200000,1036300000,0.8582194616977226,0.0,0.0,0.0,0.0,758100000,1579200000,102300000,571100000,1042200000,0.8631055900621118,-371700000,0.30542443064182195,0.0,368800000,0.30542443064182195,131200000,205400000,0.17010351966873705,0.223565,0.223565,918749180,918749180,https://www.infogreffe.com/recherche-entreprise-dirigeants/resultats-entreprise-dirigeants.html?ga_cat=globale&ga_q=S.E.S.G#phrase=S.E.S.G,https://www.infogreffe.com/recherche-entreprise-dirigeants/resultats-entreprise-dirigeants.html?ga_cat=globale&ga_q=S.E.S.G#phrase=S.E.S.G
0,2002-12-31,SESG.PA,2002-12-31,2002-12-31,FY,1349300000,177000000,1172300000,0.8688208700807827,0.0,0.0,0.0,0.0,1021700000,1878400000,61800000,578000000,1082800000,0.8024901800933818,-529100000,0.3283183873119395,0.0,443000000,0.3283183873119395,188300000,204500000,0.15156006818350257,0.630589,0.410231,324300000,498500000,https://www.infogreffe.com/recherche-entreprise-dirigeants/resultats-entreprise-dirigeants.html?ga_cat=globale&ga_q=S.E.S.G#phrase=S.E.S.G,https://www.infogreffe.com/recherche-entreprise-dirigeants/resultats-entreprise-dirigeants.html?ga_cat=globale&ga_q=S.E.S.G#phrase=S.E.S.G
