,date,symbol,fillingDate,acceptedDate,period,revenue,costOfRevenue,grossProfit,grossProfitRatio,researchAndDevelopmentExpenses,generalAndAdministrativeExpenses,sellingAndMarketingExpenses,otherExpenses,operatingExpenses,costAndExpenses,interestExpense,depreciationAndAmortization,ebitda,ebitdaratio,operatingIncome,operatingIncomeRatio,totalOtherIncomeExpensesNet,incomeBeforeTax,incomeBeforeTaxRatio,incomeTaxExpense,netIncome,netIncomeRatio,eps,epsdiluted,weightedAverageShsOut,weightedAverageShsOutDil,link,finalLink
0,2019-12-31,LEAF,2020-03-16 00:00:00,2020-03-16 16:40:10,FY,154956000,92613000,62343000,0.402327112212499,20880000,65152000,31719000,40000.0,0.0,181998000,40000.0,3353000.0,-16626000,-0.1072949740571517,-27042000,-0.17280389271793284,40000.0,-26777000,-0.17280389271793284,61000.0,-26838000,-0.1731975528537133,-1.03,-1.03,25960000,25960000,https://www.sec.gov/Archives/edgar/data/1365038/000155837020002781/0001558370-20-002781-index.html,https://www.sec.gov/Archives/edgar/data/1365038/000155837020002781/leaf-20191231x10k.htm
0,2018-12-31,LEAF,2019-03-04 00:00:00,2019-03-04 16:22:32,FY,155042000,91159000,63883000,0.41203673843216676,20183000,62951000,32792000,-78000.0,0.0,178364000,11000.0,4071000.0,-12814000,-0.08264857264483172,-23322000,-0.14895963674359206,-78000.0,-23095000,-0.14895963674359206,95000.0,-23190000,-0.1495723739373847,-0.94,-0.94,24581000,24581000,https://www.sec.gov/Archives/edgar/data/1365038/000155837019001480/0001558370-19-001480-index.html,https://www.sec.gov/Archives/edgar/data/1365038/000155837019001480/leaf-20181231x10k.htm
0,2017-12-31,LEAF,2018-03-01 00:00:00,2018-03-01 16:22:20,FY,128990000,78102000,50888000,0.3945112024187922,18613000,57888000,28297000,-19000.0,0.0,160331000,5000.0,5728000.0,-19362000,-0.15010465927591285,-31341000,-0.24164663927436236,-19000.0,-31170000,-0.24164663927436236,-37000.0,-31133000,-0.24135979533297156,-1.52,-1.52,20501000,20501000,https://www.sec.gov/Archives/edgar/data/1365038/000155837018001395/0001558370-18-001395-index.html,https://www.sec.gov/Archives/edgar/data/1365038/000155837018001395/lfgr-20171231x10k.htm
0,2016-12-31,LEAF,2017-02-23 00:00:00,2017-02-23 16:32:02,FY,113452000,67515000,45937000,0.4049025138384515,19964000,57358000,26654000,40172000,0.0,155737000,4000.0,10900000,16073000,0.14167224905686987,-42285000,-0.017813700948418713,40172000,-2021000.0,-0.017813700948418713,-10000.0,-2011000.0,-0.01772555794521031,-0.1,-0.1,20152000,20152000,https://www.sec.gov/Archives/edgar/data/1365038/000155837017000895/0001558370-17-000895-index.html,https://www.sec.gov/Archives/edgar/data/1365038/000155837017000895/lfgr-20161231x10k.htm
0,2015-12-31,LEAF,2016-03-01 00:00:00,2016-03-01 16:16:51,FY,125969000,71058000,54911000,0.4359088347133025,24313000,58663000,20319000,3107000.0,0.0,172740000,143000.0,18706000,-13419000,-0.10652620882915638,-46771000,-0.34489437877573054,3107000.0,-43446000,-0.34489437877573054,55000.0,-43501000,-0.3453309941334773,-2.18,-2.18,19938000,19938000,https://www.sec.gov/Archives/edgar/data/1365038/000155837016003739/0001558370-16-003739-index.html,https://www.sec.gov/Archives/edgar/data/1365038/000155837016003739/dmd-20151231x10k.htm
0,2014-12-31,LEAF,2015-03-16,2015-03-16 16:15:29,FY,172429000,69383000,103046000,0.5976140904372235,29387000,70225000,20046000,654000.0,0.0,207311000,4692000.0,38316000,25573000,0.14831031902986155,-34882000,-1.570861050055385,-231616000,-270862000,-1.570861050055385,-14713000,-267357000,-1.5505338429150548,-14.26,-14.26,18745000,18745000,https://www.sec.gov/Archives/edgar/data/1365038/000156459015001730/dmd-10k_20141231.htm,https://www.sec.gov/Archives/edgar/data/1365038/000156459015001730/dmd-10k_20141231.htm
0,2013-12-31,LEAF,2014-03-17,2014-03-17 16:57:13,FY,394598000,204763000,189835000,0.48108454680459606,44187000,119722000,46445000,-61000.0,0.0,413081000,1642000.0,44409000,46387000,0.11755508137395526,-18483000,-0.040377802218967154,4171000.0,-15933000,-0.040377802218967154,4241000.0,-20174000,-0.051125449191328894,-1.15,-1.15,17706800,17706800,https://www.sec.gov/Archives/edgar/data/1365038/000156459014000861/dmd-10k_20131231.htm,https://www.sec.gov/Archives/edgar/data/1365038/000156459014000861/dmd-10k_20131231.htm
0,2012-12-31,LEAF,2013-03-05 00:00:00,2013-03-05 16:23:51,FY,380578000,181018000,199560000,0.5243603150996642,40708000,109526000,46501000,-111000.0,0.0,371928000,622000.0,40676000,68915000,0.18107983120411583,8650000.0,0.020912927179185345,-111000.0,7959000.0,0.020912927179185345,1783000.0,6176000.0,0.016227948015912638,0.35,0.35,16910600,17447400,https://www.sec.gov/Archives/edgar/data/1365038/000136503813000030/0001365038-13-000030-index.html,https://www.sec.gov/Archives/edgar/data/1365038/000136503813000030/dmdfy201210-kforannualrepo.htm
0,2011-12-31,LEAF,2012-02-24 00:00:00,2012-02-24 17:20:57,FY,324866000,155830000,169036000,0.5203253033558451,38146000,96845000,37394000,0.0,0.0,337995000,861000.0,47174000,55059000,0.1694821865015114,-13129000,-0.04416282405668799,-413000.0,-14347000,-0.04416282405668799,4177000.0,-18524000,-0.057020433040084216,-1.35,-1.35,15729200,15729200,https://www.sec.gov/Archives/edgar/data/1365038/000136503812000010/0001365038-12-000010-index.html,https://www.sec.gov/Archives/edgar/data/1365038/000136503812000010/dmdfy201110-k.htm
