,date,symbol,fillingDate,acceptedDate,period,revenue,costOfRevenue,grossProfit,grossProfitRatio,researchAndDevelopmentExpenses,generalAndAdministrativeExpenses,sellingAndMarketingExpenses,otherExpenses,operatingExpenses,costAndExpenses,interestExpense,depreciationAndAmortization,ebitda,ebitdaratio,operatingIncome,operatingIncomeRatio,totalOtherIncomeExpensesNet,incomeBeforeTax,incomeBeforeTaxRatio,incomeTaxExpense,netIncome,netIncomeRatio,eps,epsdiluted,weightedAverageShsOut,weightedAverageShsOutDil,link,finalLink
0,2020-09-30,ACM,2020-11-19,2020-11-18 19:42:39,FY,13240000000,12530000000,710000000,0.05362537764350453,0.0,-190000000,0.0,0.0,-190000000,12340000000,160000000,237376000000,237757000000,17.95747734138973,381000000,0.02877643504531722,12000000,233000000,0.017598187311178248,46000000,187000000,0.014123867069486404,1.1761006289308176,1.1761006289308176,159000000,161000000,https://www.sec.gov/Archives/edgar/data/868857/000110465920126988/0001104659-20-126988-index.htm,https://www.sec.gov/Archives/edgar/data/868857/000110465920126988/acm-20200930x10k.htm
0,2019-09-30,ACM,2019-11-13 00:00:00,2019-11-13 16:47:16,FY,20173329000,19359884000,813445000,0.040323,0.0,148123000,0.0,0.0,788360000.0000006,20148244000,-225994000,261185000,-224489000,-0.011128,25085000,0.001243,16789000,-184120000,-0.009127,1370000.0,-261050000,-0.01294,-1.66227,-1.66227,157044000,157044000,https://www.sec.gov/Archives/edgar/data/868857/000110465919063367/0001104659-19-063367-index.html,https://www.sec.gov/Archives/edgar/data/868857/000110465919063367/acm-20190930x10k94a79f.htm
0,2018-09-30,ACM,2018-11-13 00:00:00,2018-11-13 17:14:22,FY,20155512000,19504863000,650649000,0.032281,0.0,135787000,0.0,0.0,225780999.99999905,19730644000,-267519000,267570000,164676000,0.00817,424868000,0.021079,20135000,177484000,0.008806,28157000,136468000,0.006771,0.84104,0.84104,162261000,162261000,https://www.sec.gov/Archives/edgar/data/868857/000104746918007225/0001047469-18-007225-index.html,https://www.sec.gov/Archives/edgar/data/868857/000104746918007225/a2237110z10-k.htm
0,2018-09-28,ACM,2018-11-13 00:00:00,2018-11-13 17:14:22,FY,20155512000,19504863000,650649000,0.03228144241634745,0.0,135787000,0.0,0.0,135787000,19640650000,0.0,267570000,692438000,0.0343547710423,424868000,0.0210794942842,20135000,177484000,0.00880573016453,-19643000,136468000,0.0067707533304,0.8424,0.8424,159000000,162000000,https://www.sec.gov/Archives/edgar/data/868857/000104746918007225/0001047469-18-007225-index.html,https://www.sec.gov/Archives/edgar/data/868857/000104746918007225/a2237110z10-k.htm
0,2017-09-30,ACM,2017-11-14 00:00:00,2017-11-14 17:21:28,FY,18203402000,17519682000,683720000,0.03756,0.0,133309000,0.0,0.0,29863999.99999776,17549545999.999996,-231310000,278631000,394417000,0.021667,653856000,0.035919,6636000.0,429182000,0.023577,7706000.0,339390000,0.018644,2.13272,2.13272,159135000,159135000,https://www.sec.gov/Archives/edgar/data/868857/000104746917007051/0001047469-17-007051-index.html,https://www.sec.gov/Archives/edgar/data/868857/000104746917007051/a2233808z10-k.htm
0,2017-09-29,ACM,2017-11-14 00:00:00,2017-11-14 17:21:28,FY,18203402000,17519682000,683720000,0.03756001213399561,0.0,133309000,0.0,0.0,133309000,17652991000,0.0,278631000,932487000,0.0512259741338,653856000,0.035919439674,6636000.0,429182000,0.023577021482,7706000.0,339390000,0.0186443171447,2.13453,2.13453,156000000,159000000,https://www.sec.gov/Archives/edgar/data/868857/000104746917007051/0001047469-17-007051-index.html,https://www.sec.gov/Archives/edgar/data/868857/000104746917007051/a2233808z10-k.htm
0,2016-09-30,ACM,2016-11-16 00:00:00,2016-11-15 21:54:56,FY,17410825000,16768001000,642824000,0.036921,0.0,115088000,0.0,0.0,267287000.00000027,17035288000,-258162000,398730000,198760000,0.011416,375537000,0.021569,8180000.0,125555000,0.007211,-37917000,96109000,0.00552,0.6158,0.6158,156073000,156073000,https://www.sec.gov/Archives/edgar/data/868857/000104746916016739/0001047469-16-016739-index.html,https://www.sec.gov/Archives/edgar/data/868857/000104746916016739/a2230294z10-k.htm
0,2015-10-02,ACM,2015-11-25 00:00:00,2015-11-25 16:23:05,FY,17989880000,17454692000,535188000,0.029749392436191905,0.0,113975000,0.0,0.0,113975000,17568667000,299627000,599265000,728283000,0.0404829270679,129018000,0.00717169875508,19139000,-151470000,-0.00841973376143,-80237000,-154845000,-0.00860733923739,-1.0323,-1.0323,150000000,150000000,https://www.sec.gov/Archives/edgar/data/868857/000104746915008965/0001047469-15-008965-index.html,https://www.sec.gov/Archives/edgar/data/868857/000104746915008965/a2226692z10-k.htm
0,2015-09-30,ACM,2015-11-25 00:00:00,2015-11-25 16:23:05,FY,17989880000,17454692000,535188000,0.029749,0.0,113975000,0.0,0.0,406170000.0000019,17860862000,-299627000,599265000,64556000,0.003588,129018000,0.007172,19139000,-151470000,-0.00842,-80237000,-154845000,-0.008607,-1.03503,-1.03503,149605000,149605000,https://www.sec.gov/Archives/edgar/data/868857/000104746915008965/0001047469-15-008965-index.html,https://www.sec.gov/Archives/edgar/data/868857/000104746915008965/a2226692z10-k.htm
0,2014-09-30,ACM,2014-11-17 00:00:00,2014-11-17 17:21:52,FY,8357000000,7954000000,403000000,0.048223,0.0,81000000,0.0,0.0,50000000,8004000000,40842000,95400000,448242000,0.053637,353000000,0.04224,3000000.0,315000000,0.037693,82000000,230000000,0.027522,2.32323,2.32323,99000000,99000000,https://www.sec.gov/Archives/edgar/data/868857/000104746914009283/0001047469-14-009283-index.html,https://www.sec.gov/Archives/edgar/data/868857/000104746914009283/a2222183z10-k.htm
0,2013-09-30,ACM,2013-11-13 00:00:00,2013-11-12 21:31:50,FY,8153000000,7704000000,450000000,0.055194,0.0,102000000,0.0,0.0,73000000,7777000000,44737000,94400000,471137000,0.057787,377000000,0.046241,4000000.0,336000000,0.041212,93000000,239000000,0.029314,2.34314,2.34314,102000000,102000000,https://www.sec.gov/Archives/edgar/data/868857/000104746913010484/0001047469-13-010484-index.html,https://www.sec.gov/Archives/edgar/data/868857/000104746913010484/a2217354z10-k.htm
0,2012-09-30,ACM,2012-11-19 00:00:00,2012-11-16 20:20:23,FY,8218000000,7796000000,422000000,0.051351,0.0,81000000,0.0,0.0,369000000,8165000000,45096000,103000000,163096000,0.019846,54000000,0.006571,9000000.0,17000000,0.002069,74000000,-59000000,-0.007179,-0.52679,-0.52679,112000000,112000000,https://www.sec.gov/Archives/edgar/data/868857/000104746912010679/0001047469-12-010679-index.html,https://www.sec.gov/Archives/edgar/data/868857/000104746912010679/a2211878z10-k.htm
0,2011-09-30,ACM,2011-11-21 00:00:00,2011-11-18 21:23:48,FY,8037000000,7559000000,478000000,0.059475,0.0,102000000,0.0,3000000.0,57000000,7616000000,40411000,110300000,526711000,0.065536,421000000,0.052383,3000000.0,384000000,0.047779,100000000,276000000,0.034341,2.33898,2.33898,118000000,118000000,https://www.sec.gov/Archives/edgar/data/868857/000104746911009697/0001047469-11-009697-index.html,https://www.sec.gov/Archives/edgar/data/868857/000104746911009697/a2206428z10-k.htm
0,2010-09-30,ACM,2010-11-22 00:00:00,2010-11-19 18:22:42,FY,6546000000,6116000000,430000000,0.065689,0.0,110000000,0.0,10000.0,89000000,6205000000,9928000.0,78900000,417828000,0.06383,341000000,0.052093,10000000,341000000,0.052093,92000000,237000000,0.036205,2.06087,2.06087,115000000,115000000,https://www.sec.gov/Archives/edgar/data/868857/000104746910009946/0001047469-10-009946-index.html,https://www.sec.gov/Archives/edgar/data/868857/000104746910009946/a2201092z10-k.htm
0,2009-09-30,ACM,2009-11-27 00:00:00,2009-11-27 09:01:00,FY,6119000000,5768000000,351000000,0.057362,0.0,87000000,0.0,2000.0,65000000,5833000000,11000.0,84100000,351111000,0.05738,287000000,0.046903,2000000.0,264000000,0.043144,77000000,190000000,0.031051,1.72727,1.72727,110000000,110000000,https://www.sec.gov/Archives/edgar/data/868857/000104746909010452/0001047469-09-010452-index.html,https://www.sec.gov/Archives/edgar/data/868857/000104746909010452/a2195670z10-k.htm
0,2008-09-30,ACM,2008-12-01 00:00:00,2008-12-01 17:20:47,FY,5194000000,4907000000,287000000,0.055256,0.0,71000000,0.0,-3000.0,49000000,4956000000,-1000.0,62800000,285799000,0.055025,239000000,0.046015,-3000000.0,223000000,0.042934,76000000,147000000,0.028302,1.41346,1.41346,104000000,104000000,https://www.sec.gov/Archives/edgar/data/868857/000104746908012648/0001047469-08-012648-index.html,https://www.sec.gov/Archives/edgar/data/868857/000104746908012648/a2189322z10-k.htm
0,2007-09-30,ACM,2007-12-13 00:00:00,2007-12-13 15:50:18,FY,4237000000,3076000000,1161000000,0.274015,0.0,1017000000,0.0,0.0,1005000000,4081000000,-1075000.0,45100000,191025000,0.045085,156000000,0.036819,0.0,148000000,0.03493,47000000,100000000,0.023602,1.13636,1.13636,88000000,88000000,https://www.sec.gov/Archives/edgar/data/868857/000104746907010009/0001047469-07-010009-index.html,https://www.sec.gov/Archives/edgar/data/868857/000104746907010009/a2181621z10-k.htm
