,date,symbol,fillingDate,acceptedDate,period,revenue,costOfRevenue,grossProfit,grossProfitRatio,researchAndDevelopmentExpenses,generalAndAdministrativeExpenses,sellingAndMarketingExpenses,otherExpenses,operatingExpenses,costAndExpenses,interestExpense,depreciationAndAmortization,ebitda,ebitdaratio,operatingIncome,operatingIncomeRatio,totalOtherIncomeExpensesNet,incomeBeforeTax,incomeBeforeTaxRatio,incomeTaxExpense,netIncome,netIncomeRatio,eps,epsdiluted,weightedAverageShsOut,weightedAverageShsOutDil,link,finalLink
0,2019-12-28,MLI,2020-02-26,2020-02-26 16:29:41,FY,2430616000,2038539000,392077000,0.16130766850872372,0.0,161873000,0.0,0.0,200674000.0000002,2239213000,25683000,42693000.00000001,204605000,0.084178,191403000,0.078747,-359000.0,166083000,0.06833,35257000,100972000,0.041542,1.79209,1.79209,55771000,55771000,https://www.sec.gov/Archives/edgar/data/89439/000008943920000016/0000089439-20-000016-index.htm,https://www.sec.gov/Archives/edgar/data/89439/000008943920000016/mli12281910-k.htm
0,2018-12-29,MLI,2019-02-27,2019-02-27 16:07:18,FY,2507878000,2154633000,353245000,0.14085414043266858,0.0,145207000,0.0,0.0,180276000.0000003,2334909000.0000005,25199000,39555000,200165000,0.079814,172969000,0.06897,2023000.0,150417000,0.059978,30952000,104459000,0.041652,1.82401,1.82401,56858000,56858000,https://www.sec.gov/Archives/edgar/data/89439/000008943919000021/0000089439-19-000021-index.htm,https://www.sec.gov/Archives/edgar/data/89439/000008943919000021/mli12291810-k.htm
0,2017-12-30,MLI,2018-02-28,2018-02-28 16:30:33,FY,2266073000,1934440000,331633000,0.14634700647331308,0.0,140730000,0.0,0.0,180826000.00000003,2115266000,19502000,33944000,176928000,0.078077,150807000,0.06655,-5017000.0,126972000,0.056032,37884000,85598000,0.037774,1.48908,1.48908,56891000,56891000,https://www.sec.gov/Archives/edgar/data/89439/000008943918000010/0000089439-18-000010-index.htm,https://www.sec.gov/Archives/edgar/data/89439/000008943918000010/mli12301710-k.htm
0,2016-12-31,MLI,2017-03-01,2017-03-01 16:25:04,FY,2055622000,1723499000,332123000,0.1615681287707565,0.0,137499000,0.0,798000.0,1279000.0,1897410000,7387000.0,35133000,195328000,0.09502136093114395,158212000,0.07103932532343009,-5980000.0,146030000,0.07103932532343009,48137000,99727000,0.04851426964685142,1.76,1.74,56572000,57169000,https://www.sec.gov/Archives/edgar/data/89439/000008943917000009/0000089439-17-000009-index.htm,https://www.sec.gov/Archives/edgar/data/89439/000008943917000009/q4_2016_form10-k.htm
0,2016-02-24,MLI,2016-02-24,2016-02-24 16:50:43,FY,2100002000,1809702000,290300000,0.13823796358289184,0.0,130358000,0.0,2188000.0,130358000,1940060000,0.0,34608000,171876000,0.0818456363374892,137268000,0.06536565203271234,2188000.0,131789000,0.06275660689846962,-43382000,175171000,0.08341468246220718,3.1105,3.1105,56316000,56316000,https://www.sec.gov/Archives/edgar/data/89439/000008943916000038/0000089439-16-000038-index.htm,https://www.sec.gov/Archives/edgar/data/89439/000008943916000038/q4_2015_form_10-k.htm
0,2015-12-26,MLI,2016-02-24 00:00:00,2016-02-24 16:50:43,FY,2100002000,1809993000,290009000,0.138099,0.0,130358000,0.0,0.0,152741000,1962734000,-6638000.0,34608000.00000001,159216000,0.075817,137268000,0.065366,1159000.0,131789000,0.062757,43382000,87864000,0.04184,1.54234,1.54234,56968000,56968000,https://www.sec.gov/Archives/edgar/data/89439/000008943916000038/0000089439-16-000038-index.html,https://www.sec.gov/Archives/edgar/data/89439/000008943916000038/q4_2015_form_10-k.htm
0,2014-12-27,MLI,2015-02-24,2015-02-24 16:57:47,FY,2364200000,2042900000,321300000,0.13590220793503088,0.0,131700000,0.0,-243000.0,167299999.99999973,2210199999.9999995,5740000.0,33700000,186519000,0.078893,154000000,0.065138,-800000.0,148000000,0.0626,45479000,101600000,0.042974,1.78873,1.78873,56042000,56042000,https://www.sec.gov/Archives/edgar/data/89439/000008943915000006/0000089439-15-000006-index.htm,https://www.sec.gov/Archives/edgar/data/89439/000008943915000006/mli10k122714.htm
0,2013-12-28,MLI,2014-02-26,2014-02-26 16:51:12,FY,2158500000,1861800000,296700000,0.13745656706045864,0.0,134900000,0.0,0.0,25799999.999999955,1887600000,3990000.0,32300000,306999000,0.142228,270900000,0.125504,500000.0,271400000,0.125735,98109000,172600000,0.079963,3.05487,3.05487,27871000,27871000,https://www.sec.gov/Archives/edgar/data/89439/000008943914000010/0000089439-14-000010-index.htm,https://www.sec.gov/Archives/edgar/data/89439/000008943914000010/form10k12282013.htm
0,2012-12-29,MLI,2013-02-27,2013-02-27 16:11:06,FY,2189900000,1904500000,285400000,0.13032558564318006,0.0,129500000,0.0,539000.0,158699999.99999982,2063199999.9999998,6890000.0,31500000,157471000,0.071908,126700000,0.057857,-300000.0,120400000,0.05498,36681000,82400000,0.037627,1.15245,1.15245,35332000,35332000,https://www.sec.gov/Archives/edgar/data/89439/000008943913000008/0000089439-13-000008-index.htm,https://www.sec.gov/Archives/edgar/data/89439/000008943913000008/mli10_k.htm
0,2011-12-31,MLI,2012-02-28,2012-02-28 16:22:12,FY,2417797000,2115677000,302120000,0.12495672713631459,0.0,135953000,0.0,0.0,0.0,2288495000,11553000,36865000,166167000,0.06872661352462593,129302000,0.05383454442205032,12412000,130161000,0.05383454442205032,43075000,86321000,0.03570233563859993,1.14,1.13,75670000,76392000,https://www.sec.gov/Archives/edgar/data/89439/000008943912000007/0000089439-12-000007-index.htm,https://www.sec.gov/Archives/edgar/data/89439/000008943912000007/form10_k.htm
0,2010-12-25,MLI,2011-02-22,2011-02-22 17:11:11,FY,2059800000,1774800000,285000000,0.13836294785901543,0.0,131200000,0.0,-2650000.0,148900000.0000001,1923700000,11647000,40400000.00000001,172562000,0.083776,136100000,0.066074,-2700000.0,121900000,0.059181,34315000,86200000,0.041849,1.14172,1.14172,37672000,37672000,https://www.sec.gov/Archives/edgar/data/89439/000008943911000003/0000089439-11-000003-index.htm,https://www.sec.gov/Archives/edgar/data/89439/000008943911000003/form10k.htm
0,2009-12-26,MLI,2010-02-23,2010-02-23 16:42:59,FY,1547200000,1327000000,220200000,0.1423216132368149,0.0,116700000,0.0,0.0,187900000.0000001,1514900000,9963000.0,41600000,38471000,0.024865,32300000,0.020876,300000.0,23100000,0.01493,-17792000,4700000.0,0.003038,0.06283,0.06283,37336000,37336000,https://www.sec.gov/Archives/edgar/data/89439/000008943910000002/0000089439-10-000002-index.htm,https://www.sec.gov/Archives/edgar/data/89439/000008943910000002/form10-k2009.htm
0,2008-12-27,MLI,2009-02-24,2009-02-24 16:58:37,FY,2558400000,2233100000,325300000,0.12714978111319575,0.0,136900000,0.0,0.0,177700000.00000027,2410800000.0000005,19050000,44400000.00000001,105918000,0.0414,147700000,0.057731,-14400000,119100000,0.046553,-38332000,80800000,0.031582,1.08311,1.08311,37123000,37123000,https://www.sec.gov/Archives/edgar/data/89439/000008943909000004/0000089439-09-000004-index.htm,https://www.sec.gov/Archives/edgar/data/89439/000008943909000004/form10-k2008.htm
0,2007-12-29,MLI,,,FY,2697800000,2324900000,372900000,0.138224,0.0,143300000,0.0,0.0,181299999.99999973,2506199999.9999995,-11400000,44100000,216000000,0.080065,191600000,0.071021,600000.0,183300000,0.067944,67800000,115500000,0.042813,1.55242,1.55242,74400000,74400000,,
0,2006-12-30,MLI,,,FY,2510900000,2109400000,401500000,0.159903,0.0,141000000,0.0,0.0,182599999.9999999,2292000000,-14200000,41900000,231300000,0.092118,218900000,0.08718,1500000.0,203600000,0.081086,54700000,148900000,0.059301,1.99866,1.99866,74500000,74500000,,
0,2005-12-31,MLI,,,FY,1729923000,1430075000,299848000,0.173330258051948,0.0,127394000,0.0,0.0,0.0,1598165000,0.0,40696000,160619000,0.09284748511927987,131758000,0.07179799332109002,11997000,124205000,0.07179799332109002,34987000,92542000,0.053494866534522054,1.265,1.245,73180000,74206000,,
0,2004-12-25,MLI,,,FY,1379100000,1115600000,263400000,0.190994,0.0,106400000,0.0,0.0,151000000,1266600000,-3700000.0,40599999.99999999,152200000,0.110362,112500000,0.081575,800000.0,115400000,0.083678,35900000,79400000,0.057574,1.07588,1.07588,73800000,73800000,,
0,2003-12-27,MLI,,,FY,999100000,815800000,183200000,0.183365,0.0,94900000,0.0,0.0,133900000.0000001,949700000.0000001,700000.0,38900000,92200000,0.092283,49400000,0.049445,1700000.0,51400000,0.051446,7200000.0,45400000,0.045441,0.61601,0.61601,73700000,73700000,,
0,2002-12-28,MLI,,,FY,953000000,744800000,208200000,0.218468,0.0,85000000,0.0,0.0,122400000.00000009,867200000.0000001,1500000.0,37500000,134300000,0.140923,85800000,0.090031,700000.0,88500000,0.092865,17300000,78000000,0.081847,1.05263,1.05263,74100000,74100000,,
0,2001-12-29,MLI,,,FY,1044800000,806000000,238800000,0.22856,0.0,87700000,0.0,0.0,129700000.00000004,935700000,1600000.0,42100000,151700000,0.145195,109100000,0.104422,-2900000.0,108000000,0.103369,41000000,67000000,0.064127,0.89933,0.89933,74500000,74500000,,
0,2000-12-30,MLI,,,FY,1206200000,925300000,280900000,0.23288,0.0,94800000,0.0,0.0,132200000.00000004,1057500000,-900000.0,37500000,183500000,0.152131,148600000,0.123197,-1300000.0,146900000,0.121787,54200000,92700000,0.076853,1.21654,1.21654,76200000,76200000,,
0,1999-12-25,MLI,,,FY,1168700000,886500000,282200000,0.241465,0.0,97300000,0.0,0.0,134299999.99999994,1020800000,-5100000.0,37000000,177600000,0.151964,147900000,0.126551,1000000.0,145700000,0.124668,46400000,99300000,0.084966,1.25379,1.25379,79200000,79200000,,
0,1998-12-26,MLI,,,FY,929400000,720300000,209100000,0.224984,0.0,75400000,0.0,0.0,100300000.00000007,820600000.0000001,-900000.0,24900000.000000004,133300000,0.143426,108800000,0.117065,-700000.0,109300000,0.117603,33900000,75400000,0.081128,0.95082,0.95082,79300000,79300000,,
0,1997-12-27,MLI,,,FY,889000000,704800000,184200000,0.207199,0.0,63500000,0.0,0.0,84500000,789300000,-1700000.0,21000000,120200000,0.135208,99700000,0.112148,-900000.0,100800000,0.113386,31100000,69800000,0.078515,0.88917,0.88917,78500000,78500000,,
0,1996-12-28,MLI,1997-03-24 00:00:00,1997-03-24 00:00:00,FY,718300000,554600000,163700000,0.227899,0.0,54800000,0.0,0.0,73299999.99999996,627900000,-2400000.0,18500000,104500000,0.145482,90500000,0.125992,-600000.0,88400000,0.123068,27200000,61200000,0.085201,0.78462,0.78462,78000000,78000000,https://www.sec.gov/Archives/edgar/data/89439/000008943997000003/0000089439-97-000003-index.html,https://www.sec.gov/Archives/edgar/data/89439/0000089439-97-000003.txt
0,1995-12-30,MLI,,,FY,678800000,549900000,129000000,0.190041,0.0,49500000,0.0,0.0,64899999.99999998,614800000,-1900000.0,15500000,78100000,0.115056,64000000,0.094284,600000.0,64500000,0.095021,19700000,44800000,0.065999,0.58486,0.58486,76600000,76600000,,
0,1994-12-31,MLI,1995-03-17 00:00:00,1995-03-17 00:00:00,FY,550000000,448500000,101500000,0.18454545454545454,0.0,44900000,0.0,0.0,0.0,506100000,0.0,12700000,53000000,0.09636363636363636,43900000,0.07418181818181818,3600000.0,40800000,0.07418181818181818,12900000,27900000,0.050727272727272725,0.3525,0.3525,79120000,79120000,https://www.sec.gov/Archives/edgar/data/89439/000008943995000002/0000089439-95-000002-index.html,https://www.sec.gov/Archives/edgar/data/89439/0000089439-95-000002.txt
