,date,symbol,fillingDate,acceptedDate,period,revenue,costOfRevenue,grossProfit,grossProfitRatio,researchAndDevelopmentExpenses,generalAndAdministrativeExpenses,sellingAndMarketingExpenses,otherExpenses,operatingExpenses,costAndExpenses,interestExpense,depreciationAndAmortization,ebitda,ebitdaratio,operatingIncome,operatingIncomeRatio,totalOtherIncomeExpensesNet,incomeBeforeTax,incomeBeforeTaxRatio,incomeTaxExpense,netIncome,netIncomeRatio,eps,epsdiluted,weightedAverageShsOut,weightedAverageShsOutDil,link,finalLink
0,2019-12-31,AGCO,2020-02-28,2020-02-28 12:53:38,FY,9041400000,7057100000,1984300000,0.21946822394761872,343400000,1046100000,0.0,67000000,1636199999.999999,8693299999.999998,28800000,272000000,628600000,0.069525,348100000,0.038501,-87500000,261100000,0.028878,202600000,125200000,0.013847,1.62597,1.62597,76000000,77000000,https://www.sec.gov/Archives/edgar/data/880266/000088026620000006/0000880266-20-000006-index.htm,https://www.sec.gov/Archives/edgar/data/880266/000088026620000006/a2019agco10-k.htm
0,2018-12-31,AGCO,2019-03-01,2019-03-01 11:45:21,FY,9352000000,7355300000,1996700000,0.21350513259195894,355200000,1075800000,0.0,74000000,1507699999.9999998,8863000000,61900000,289900000,748200000,0.080004,489000000,0.052288,-73500000,360300000,0.038527,110900000,285500000,0.030528,3.58218,3.58218,78000000,79000000,https://www.sec.gov/Archives/edgar/data/880266/000088026619000009/0000880266-19-000009-index.htm,https://www.sec.gov/Archives/edgar/data/880266/000088026619000009/a2018agco10-k.htm
0,2017-12-31,AGCO,2018-02-28,2018-02-28 15:46:01,FY,8306500000,6541200000,1765300000,0.21252031541563834,323100000,970700000,0.0,74000000,1362000000,7903200000,54500000,279800000,654300000,0.07877,403300000,0.048552,-74400000,283800000,0.034166,133600000,186400000,0.02244,2.32419,2.32419,79000000,80000000,https://www.sec.gov/Archives/edgar/data/880266/000088026618000005/0000880266-18-000005-index.htm,https://www.sec.gov/Archives/edgar/data/880266/000088026618000005/a2017agco10-k.htm
0,2016-12-31,AGCO,2017-02-28,2017-02-28 15:11:09,FY,7410500000,5895000000,1515500000,0.20450711827811888,296100000,867900000,0.0,31000000,1227100000.0000005,7122100000,65400000,274600000,592300000,0.079927,288400000,0.038918,-31400000,204900000,0.02765,92200000,160100000,0.021604,1.95961,1.95961,81000000,81000000,https://www.sec.gov/Archives/edgar/data/880266/000088026617000005/0000880266-17-000005-index.htm,https://www.sec.gov/Archives/edgar/data/880266/000088026617000005/a2016agco10-k.htm
0,2015-12-31,AGCO,2016-02-26,2016-02-26 11:59:51,FY,7467300000,5906700000,1560600000,0.20899120163914667,282200000,852300000,0.0,22000000,1199500000,7106200000,64100000,260100000,663100000,0.088801,361100000,0.048358,-36300000,279400000,0.037416,72500000,266400000,0.035676,3.05855,3.05855,87000000,87000000,https://www.sec.gov/Archives/edgar/data/880266/000088026616000044/0000880266-16-000044-index.htm,https://www.sec.gov/Archives/edgar/data/880266/000088026616000044/a2015agco10-k.htm
0,2014-12-31,AGCO,2015-02-27,2015-02-27 13:45:41,FY,9724000000,7657000000,2067000000,0.21256684491978609,337000000,995000000,0.0,46000000,1420000000,9077000000,71900000,280400000,950000000,0.097696,647000000,0.066536,-49000000,539000000,0.05543,187700000,410000000,0.042164,4.3617,4.3617,93000000,94000000,https://www.sec.gov/Archives/edgar/data/880266/000088026615000009/0000880266-15-000009-index.htm,https://www.sec.gov/Archives/edgar/data/880266/000088026615000009/a2014agco10-k.htm
0,2013-12-31,AGCO,2014-02-28,2014-02-28 10:27:28,FY,10787000000,8396000000,2391000000,0.2216556966719199,353000000,1089000000,0.0,40000000,1490000000,9886000000,78800000,259400000,1193700000,0.110661,901000000,0.083526,-40000000,803000000,0.074441,258500000,597000000,0.055344,6.0303,6.0303,97000000,99000000,https://www.sec.gov/Archives/edgar/data/880266/000088026614000004/0000880266-14-000004-index.htm,https://www.sec.gov/Archives/edgar/data/880266/000088026614000004/a2013agco10-k.htm
0,2012-12-31,AGCO,2013-02-27,2013-02-27 11:54:58,FY,9962000000,7839000000,2123000000,0.2131098173057619,317000000,1041000000,0.0,34000000,1430000000,9269000000,77700000,229899999.99999997,967500000,0.097119,693000000,0.069564,-35000000,601000000,0.060329,137900000,522000000,0.052399,5.27273,5.27273,97000000,98000000,https://www.sec.gov/Archives/edgar/data/880266/000088026613000003/0000880266-13-000003-index.htm,https://www.sec.gov/Archives/edgar/data/880266/000088026613000003/a2012agco10-k.htm
0,2011-12-31,AGCO,2012-02-27,2012-02-27 10:49:11,FY,8773000000,6997000000,1776000000,0.20243930240510657,276000000,869000000,0.0,19000000,1166000000,8163000000,59000000,173500000,840100000,0.09576,610000000,0.069532,-19000000,561000000,0.063946,24600000,583000000,0.066454,5.94898,5.94898,95000000,98000000,https://www.sec.gov/Archives/edgar/data/880266/000088026612000004/0000880266-12-000004-index.htm,https://www.sec.gov/Archives/edgar/data/880266/000088026612000004/a2011agco10-k.htm
0,2010-12-31,AGCO,2011-02-25,2011-02-25 12:11:19,FY,6897000000,5638000000,1259000000,0.18254313469624475,220000000,692000000,0.0,4000000.0,934000000,6572000000,-33000000,154300000,446300000,0.064709,324000000,0.046977,-16000000,275000000,0.039872,104000000,221000000,0.032043,2.30208,2.30208,92000000,96000000,https://www.sec.gov/Archives/edgar/data/880266/000095012311018407/0000950123-11-018407-index.htm,https://www.sec.gov/Archives/edgar/data/880266/000095012311018407/g26076e10vk.htm
0,2009-12-31,AGCO,2010-02-26,2010-02-26 14:03:40,FY,6630000000,5558000000,1072000000,0.16168929110105582,192000000,630000000,0.0,13000000,853000000,6411000000,-43000000,147600000,296600000,0.044736,219000000,0.033032,-22000000,154000000,0.023228,56000000,136000000,0.020513,1.44681,1.44681,92000000,94000000,https://www.sec.gov/Archives/edgar/data/880266/000095012310017928/0000950123-10-017928-index.htm,https://www.sec.gov/Archives/edgar/data/880266/000095012310017928/g22156e10vk.htm
0,2008-12-31,AGCO,2009-02-27,2009-02-27 15:18:45,FY,8425000000,6925000000,1500000000,0.17804154302670624,195000000,721000000,0.0,20000000,935000000,7860000000,-19000000,146500000,691500000,0.082077,565000000,0.067062,-20000000,526000000,0.062433,164000000,400000000,0.047478,4.08163,4.08163,91000000,97000000,https://www.sec.gov/Archives/edgar/data/880266/000095014409001706/0000950144-09-001706-index.htm,https://www.sec.gov/Archives/edgar/data/880266/000095014409001706/g17799e10vk.htm
0,2007-12-31,AGCO,2008-02-29,2008-02-29 09:44:06,FY,6828000000,5637000000,1191000000,0.17442882249560632,155000000,626000000,0.0,-2000000.0,796000000,6433000000,-24000000,133500000,466500000,0.068322,395000000,0.05785,-43000000,327000000,0.047891,111000000,246000000,0.036028,2.53608,2.53608,91000000,96000000,https://www.sec.gov/Archives/edgar/data/880266/000095014408001513/0000950144-08-001513-index.htm,https://www.sec.gov/Archives/edgar/data/880266/000095014408001513/g11879e10vk.htm
0,2006-12-31,AGCO,2007-03-01,2007-03-01 14:07:27,FY,5435000000,4507000000,928000000,0.17074517019319227,128000000,542000000,0.0,1000000.0,859000000,5366000000,-55000000,115500000,68500000,0.012603,69000000,0.012695,-33000000,-19000000,-0.003496,73000000,-65000000,-0.01196,-0.71429,-0.71429,90000000,90000000,https://www.sec.gov/Archives/edgar/data/880266/000095014407001772/0000950144-07-001772-index.htm,https://www.sec.gov/Archives/edgar/data/880266/000095014407001772/g05639e10vk.htm
0,2005-12-31,AGCO,2006-03-13,2006-03-13 16:20:43,FY,5450000000,4516000000,934000000,0.17137614678899082,122000000,521000000,0.0,34000000,659000000,5175000000,-80000000,105900000,208900000,0.03833,275000000,0.050459,-35000000,160000000,0.029358,151000000,32000000,0.005872,0.35165,0.35165,90000000,90000000,https://www.sec.gov/Archives/edgar/data/880266/000095014406002147/0000950144-06-002147-index.htm,https://www.sec.gov/Archives/edgar/data/880266/000095014406002147/g99944e10vk.htm
0,2004-12-31,AGCO,2005-03-16,2005-03-16 12:55:03,FY,5273000000,4320000000,953000000,0.18073203110183955,104000000,510000000,0.0,22000000,630000000,4950000000,-77000000,100100000,268100000,0.050844,324000000,0.061445,-22000000,224000000,0.042481,86000000,159000000,0.030154,1.65625,1.65625,86000000,95000000,https://www.sec.gov/Archives/edgar/data/880266/000095014405002600/0000950144-05-002600-index.htm,https://www.sec.gov/Archives/edgar/data/880266/000095014405002600/g93649e10vk.htm
0,2003-12-31,AGCO,2004-03-15,2004-03-15 13:31:35,FY,3495000000,2879000000,616000000,0.17625178826895566,71000000,332000000,0.0,27000000,433000000,3312000000,-60000000,60500000,115500000,0.033047,184000000,0.052647,-25000000,98000000,0.02804,41000000,74000000,0.021173,0.97368,0.97368,75000000,75000000,https://www.sec.gov/Archives/edgar/data/880266/000095014404002500/0000950144-04-002500-index.htm,https://www.sec.gov/Archives/edgar/data/880266/000095014404002500/g87777e10vk.htm
0,2002-12-31,AGCO,2003-03-17,2003-03-17 17:25:52,FY,2923000000,2391000000,532000000,0.1820047895997263,57000000,327000000,0.0,42000000,428000000,2819000000,-57000000,49199999.99999999,7199999.999999996,0.002463,104000000,0.03558,-21000000,26000000,0.008895,99000000,-84000000,-0.028738,-1.13514,-1.13514,74000000,74000000,https://www.sec.gov/Archives/edgar/data/880266/000095014403003218/0000950144-03-003218-index.htm,https://www.sec.gov/Archives/edgar/data/880266/000095014403003218/g80957e10vk.htm
0,2001-12-31,AGCO,,,FY,2542000000,2107000000,435000000,0.171125,50000000,257000000,0.0,0.0,339000000,2446000000,-59000000,51900000,17900000,0.007042,96000000,0.037766,-23000000,14000000,0.005507,2000000.0,23000000,0.009048,0.33333,0.33333,69000000,69000000,,
0,2000-12-31,AGCO,,,FY,2336000000,1960000000,377000000,0.161387,46000000,228000000,0.0,0.0,310000000,2270000000,-47000000,51600000,600000.0,0.000257,66000000,0.028253,-33000000,-14000000,-0.005993,-8000000.0,4000000.0,0.001712,0.06667,0.06667,60000000,60000000,,
0,1999-12-31,AGCO,,,FY,2413000000,2057000000,356000000,0.147534,45000000,230000000,0.0,0.0,299000000,2356000000,-58000000,55800000,-24200000,-0.010029,58000000,0.024036,-32000000,-32000000,-0.013262,-10000000,-12000000,-0.004973,-0.20339,-0.20339,59000000,59000000,,
0,1998-12-31,AGCO,,,FY,2941000000,2404000000,537000000,0.182591,56000000,271000000,0.0,0.0,367000000,2771000000,-68000000,57600000,78600000,0.026726,171000000,0.058143,-29000000,74000000,0.025162,28000000,61000000,0.020741,1.0,1.0,61000000,61000000,,
0,1997-12-31,AGCO,,,FY,3224000000,2558000000,667000000,0.206886,54000000,275000000,0.0,0.0,349000000,2907000000,-53000000,72000000,276000000,0.085608,317000000,0.098325,-20000000,244000000,0.075682,88000000,169000000,0.052419,2.72581,2.72581,62000000,62000000,,
0,1996-12-31,AGCO,,,FY,2317000000,1847000000,470000000,0.202849,28000000,216000000,0.0,0.0,262000000,2109000000,-33000000,53500000,206500000,0.089124,208000000,0.089771,-8000000.0,168000000,0.072508,60000000,126000000,0.054381,2.21053,2.21053,57000000,57000000,,
