,date,symbol,fillingDate,acceptedDate,period,revenue,costOfRevenue,grossProfit,grossProfitRatio,researchAndDevelopmentExpenses,generalAndAdministrativeExpenses,sellingAndMarketingExpenses,otherExpenses,operatingExpenses,costAndExpenses,interestExpense,depreciationAndAmortization,ebitda,ebitdaratio,operatingIncome,operatingIncomeRatio,totalOtherIncomeExpensesNet,incomeBeforeTax,incomeBeforeTaxRatio,incomeTaxExpense,netIncome,netIncomeRatio,eps,epsdiluted,weightedAverageShsOut,weightedAverageShsOutDil,link,finalLink
0,2019-12-31,KNX,2020-02-27 00:00:00,2020-02-27 12:05:40,FY,4843950000,1941280000,2902670000,0.599236,0.0,1810667000,0.0,165221000,2475232000,4416512000,29433000,462958000,905395000,0.186913,427438000,0.088242,12137000,413976000,0.085462,103798000,309206000,0.063833,1.79623,1.79623,172142000,172142000,https://www.sec.gov/Archives/edgar/data/1492691/000149269120000013/0001492691-20-000013-index.html,https://www.sec.gov/Archives/edgar/data/1492691/000149269120000013/knx-10k12312019.htm
0,2018-12-31,KNX,2019-02-28 00:00:00,2019-02-28 11:28:00,FY,5344066000,2280927000,3063139000,0.573185,0.0,1908805000,0.0,152404000,2494096000,4775023000,30170000,430089000,1010912000,0.189165,569043000,0.106481,9965000.0,552038000,0.103299,131389000,419264000,0.078454,2.35543,2.35543,177999000,177999000,https://www.sec.gov/Archives/edgar/data/1492691/000149269119000012/0001492691-19-000012-index.html,https://www.sec.gov/Archives/edgar/data/1492691/000149269119000012/knx-10k12312018.htm
0,2017-12-31,KNX,2018-03-01 00:00:00,2018-03-01 13:04:10,FY,2425453000,1033376000,1392077000,0.573945,0.0,868657000,0.0,82325000,1191447000,2224823000,8686000.0,207105000,408367000,0.168367,200630000,0.082719,558000.0,193709000,0.079865,-291716000,484292000,0.199671,4.33577,4.33577,111697000,111697000,https://www.sec.gov/Archives/edgar/data/1492691/000149269118000017/0001492691-18-000017-index.html,https://www.sec.gov/Archives/edgar/data/1492691/000149269118000017/knx-10k12312017.htm
0,2016-12-31,KNX,2017-02-17 00:00:00,2017-02-17 10:46:59,FY,1118034000,439805000,678229000,0.606626,0.0,377588000,0.0,36002000,529750000,969555000,30598000,116160000,306323000,0.273984,148479000,0.132804,4939000.0,152830000,0.136695,65702000,93863000,0.083954,1.15555,1.15555,81228000,81228000,https://www.sec.gov/Archives/edgar/data/1492691/000149269117000009/0001492691-17-000009-index.html,https://www.sec.gov/Archives/edgar/data/1492691/000149269117000009/swft-10k12312016.htm
0,2015-12-31,KNX,2016-02-22 00:00:00,2016-02-22 17:21:32,FY,1182964000,480471000,702493000,0.593841,0.0,376491000,0.0,36979000,524493000,1004964000,38350000,111023000,385300000,0.325707,178000000,0.150469,9042000.0,186504000,0.157658,119209000,116718000,0.098666,1.41533,1.41533,82467000,82467000,https://www.sec.gov/Archives/edgar/data/1492691/000149269116000059/0001492691-16-000059-index.html,https://www.sec.gov/Archives/edgar/data/1492691/000149269116000059/swft-10k12312015.htm
0,2014-12-31,KNX,2015-02-20,2015-02-20 13:59:23,FY,4298700000,2255200000,2043500000,0.475376,0.0,1389100000,0.0,71800000,1713400000,3968600000,80064000,237936000,568674000,0.13229,330200000,0.076814,4100000.0,250600000,0.058297,89474000,161200000,0.0375,1.12334,1.12334,143500000,143500000,https://www.sec.gov/Archives/edgar/data/1492691/000149269115000005/swft-12312014x10k.htm,https://www.sec.gov/Archives/edgar/data/1492691/000149269115000005/swft-12312014x10k.htm
0,2013-12-31,KNX,2014-02-28,2014-02-28 14:33:31,FY,4118200000,2214700000,1903500000,0.462217,0.0,1252100000,0.0,74300000,1557000000,3771700000,99534000,242800000,598716000,0.145383,346500000,0.084139,3900000.0,256400000,0.06226,100982000,155400000,0.037735,1.51758,1.51758,102400000,102400000,https://www.sec.gov/Archives/edgar/data/1492691/000149269114000013/swft-12312013x10k.htm,https://www.sec.gov/Archives/edgar/data/1492691/000149269114000013/swft-12312013x10k.htm
0,2012-12-31,KNX,2013-02-26 00:00:00,2013-02-26 12:57:53,FY,3493200000,1857900000,1635300000,0.468138,0.0,1045100000,0.0,62100000,1341400000,3199300000,118091000,216800000,510551000,0.146156,293800000,0.084106,2900000.0,175600000,0.050269,61060000,114600000,0.032807,1.1403,1.1403,100500000,100500000,https://www.sec.gov/Archives/edgar/data/1492691/000119312513076100/0001193125-13-076100-index.html,https://www.sec.gov/Archives/edgar/data/1492691/000119312513076100/d457128d10k.htm
0,2011-12-31,KNX,2012-02-27 00:00:00,2012-02-27 16:17:00,FY,3333900000,1759200000,1574700000,0.47233,0.0,992800000,0.0,61900000,1268700000,3027900000,145973000,222400000,517255000,0.15515,306000000,0.091784,1900000.0,148800000,0.044632,58282000,90600000,0.027175,0.9006,0.9006,100600000,100600000,https://www.sec.gov/Archives/edgar/data/1492691/000119312512081602/0001193125-12-081602-index.html,https://www.sec.gov/Archives/edgar/data/1492691/000119312512081602/d268416d10k.htm
