,date,symbol,fillingDate,acceptedDate,period,revenue,costOfRevenue,grossProfit,grossProfitRatio,researchAndDevelopmentExpenses,generalAndAdministrativeExpenses,sellingAndMarketingExpenses,otherExpenses,operatingExpenses,costAndExpenses,interestExpense,depreciationAndAmortization,ebitda,ebitdaratio,operatingIncome,operatingIncomeRatio,totalOtherIncomeExpensesNet,incomeBeforeTax,incomeBeforeTaxRatio,incomeTaxExpense,netIncome,netIncomeRatio,eps,epsdiluted,weightedAverageShsOut,weightedAverageShsOutDil,link,finalLink
0,2019-12-31,IPDN,2020-05-04,2020-05-01 20:16:14,FY,5025210.0,884370.0,4140840.0,0.8240133248162763,0.0,6433260.0,2159315.0,18488000,7136980.0,8021350.0,8020.0,703720.0,-3310220.0,-0.658723,-2996140.0,-0.596222,18490.0,-2969630.0,-0.590946,-177500.0,-3844460.0,-0.765035,-0.58714,-0.58714,6547815000,6547815000,https://www.sec.gov/Archives/edgar/data/1546296/000149315220007579/0001493152-20-007579-index.htm,https://www.sec.gov/Archives/edgar/data/1546296/000149315220007579/form10-k.htm
0,2018-12-31,IPDN,2019-04-16,2019-04-15 17:54:45,FY,7620920.0,999960.0,6620960.0,0.8687874954729875,0.0,10170080,3969508.0,342472.0,21159640,22159600,17770.0,2599990.0,-14026962,-1.840586,-14538680,-1.907733,300.0,-14520620,-1.905363,-1563712.0,-15081010,-1.978896,-3.29364,-3.29364,4578834000,4578834000,https://www.sec.gov/Archives/edgar/data/1546296/000149315219005364/0001493152-19-005364-index.htm,https://www.sec.gov/Archives/edgar/data/1546296/000149315219005364/form10-k.htm
0,2017-12-31,IPDN,2018-03-30,2018-03-30 15:38:11,FY,16080260,2693410.0,13386850,0.8325020864090505,0.0,18881030,10285411,4187000.0,36654940,39348350,12399.0,3007660.0,-21013005,-1.306758,-23268090,-1.446997,8420.0,-23263910,-1.446737,-1745514.0,-22287550,-1.386019,-5.68437,-5.68437,3920849000,3920849000,https://www.sec.gov/Archives/edgar/data/1546296/000149315218004258/0001493152-18-004258-index.htm,https://www.sec.gov/Archives/edgar/data/1546296/000149315218004258/form10-k.htm
0,2016-12-31,IPDN,2017-03-31,2017-03-31 16:47:00,FY,26227070,3082470.0,23144600,0.8824699060932083,0.0,24647650,13315008,-1410673000,26582950,29665420,1567317.0,3323710.0,-507107.0,-0.019335,-3438350.0,-0.131099,8532000.0,-5398140.0,-0.205823,-1289634.0,-4108500.0,-0.156651,-1.97836,-1.97836,2076724000,2076724000,https://www.sec.gov/Archives/edgar/data/1546296/000121465917002274/0001214659-17-002274-index.htm,https://www.sec.gov/Archives/edgar/data/1546296/000121465917002274/pdn32917010k.htm
0,2015-12-31,IPDN,2016-03-30,2016-03-30 17:39:56,FY,38181600,5576180.0,32605420,0.8539563559410815,0.0,38171930,22501594,-38035000,68976790.00000001,74552970.00000001,84728.0,3650750.0,-32600295,-0.853822,-36371370,-0.952589,46693000,-36335770,-0.951657,1919497.0,-38255270,-1.001929,-21.98806,-21.98806,13918594000,13918594000,https://www.sec.gov/Archives/edgar/data/1546296/000121465916010553/0001214659-16-010553-index.htm,https://www.sec.gov/Archives/edgar/data/1546296/000121465916010553/p32916110k.htm
0,2014-12-31,IPDN,2015-03-31,2015-03-31 17:25:17,FY,11643730,2153900.0,9489830.0,0.8150163220892275,0.0,14432910,8040797.0,-1114046000,16282600,18436500,2993.0,1084450.0,-5890716.0,-0.505913,-6792770.0,-0.583384,84519.0,-6720180.0,-0.57715,-3320079.0,-3658080.0,-0.314167,-3.65074,-3.65074,8016074.0,8016074.0,https://www.sec.gov/Archives/edgar/data/1546296/000121465915002738/0001214659-15-002738-index.htm,https://www.sec.gov/Archives/edgar/data/1546296/000121465915002738/pdn32015010k.htm
0,2013-12-31,IPDN,2014-03-27,2014-03-27 17:23:30,FY,4030000.0,1150000.0,2880000.0,0.7146401985111662,0.0,4610000.0,1566262000,-137011000,4900000.0,6050000.0,190000.0,280000.0,-1350000.0,-0.334988,-2010000.0,-0.498759,25765.0,-1820000.0,-0.451613,-380000.0,-1440000.0,-0.35732,-1.82278,-1.82278,6318085.0,6318085.0,https://www.sec.gov/Archives/edgar/data/1546296/000121465914002277/0001214659-14-002277-index.htm,https://www.sec.gov/Archives/edgar/data/1546296/000121465914002277/p32514010k.htm
