,date,symbol,fillingDate,acceptedDate,period,revenue,costOfRevenue,grossProfit,grossProfitRatio,researchAndDevelopmentExpenses,generalAndAdministrativeExpenses,sellingAndMarketingExpenses,otherExpenses,operatingExpenses,costAndExpenses,interestExpense,depreciationAndAmortization,ebitda,ebitdaratio,operatingIncome,operatingIncomeRatio,totalOtherIncomeExpensesNet,incomeBeforeTax,incomeBeforeTaxRatio,incomeTaxExpense,netIncome,netIncomeRatio,eps,epsdiluted,weightedAverageShsOut,weightedAverageShsOutDil,link,finalLink
0,2018-12-31,ARTX,2019-03-07 00:00:00,2019-03-07 16:10:06,FY,96599741,67402263,29197478,0.302252135438,3030469.0,12919437,8175503.0,-921953.0,23203456,93205115,0.0,3668020.0,7062646.0,0.0731124734589,3394626.0,0.0351411501196,-961030.0,2433596.0,0.0251925727213,563641.0,1869955.0,0.0193577641166,0.07064,0.07064,26471507,26471507,https://www.sec.gov/Archives/edgar/data/916529/000091652919000025/0000916529-19-000025-index.html,https://www.sec.gov/Archives/edgar/data/916529/000091652919000025/arotech12311810k.htm
0,2017-12-31,ARTX,2018-03-15 00:00:00,2018-03-15 16:36:53,FY,98722678,71082708,27639970,0.279975893685,3041130.0,11623900,7874364.0,-1076659.0,21462735,95827857,0.0,4041063.0,6935884.0,0.0702562383893,2894821.0,0.0293227560136,-1084815.0,1810006.0,0.0183342473753,-2024130.0,3834136.0,0.0388374391546,0.14534,0.14534,26380312,26380312,https://www.sec.gov/Archives/edgar/data/916529/000118518518000434/0001185185-18-000434-index.html,https://www.sec.gov/Archives/edgar/data/916529/000118518518000434/arotech10k123117.htm
0,2016-12-31,ARTX,2017-03-16 00:00:00,2017-03-16 16:22:26,FY,92975752,64825416,28150336,0.302770726716,2722965.0,15308461,7029090.0,-975263.0,24085253,92761475,0.0,4664584.0,4878861.0,0.0524745527199,214277.0,0.00230465465878,-910431.0,-696154.0,-0.007487479101,783420.0,-2848256.0,-0.0306343959444,-0.11172,-0.11172,25494097,25494097,https://www.sec.gov/Archives/edgar/data/916529/000118518517000583/0001185185-17-000583-index.html,https://www.sec.gov/Archives/edgar/data/916529/000118518517000583/arotech10k123116.htm
0,2015-12-31,ARTX,2016-03-15 00:00:00,2016-03-15 16:43:38,FY,96573947,68456322,28117625,0.291151245998,3969419.0,16339027,5373421.0,-1152121.0,24529746,97181725,0.0,4895518.0,4287740.0,0.0443985167138,-607778.0,-0.00629339504991,-1176302.0,-1784080.0,-0.0184737194183,1160946.0,-2945026.0,-0.0304950360991,-0.12433,-0.12433,23687733,23687733,https://www.sec.gov/Archives/edgar/data/916529/000118518516003913/0001185185-16-003913-index.html,https://www.sec.gov/Archives/edgar/data/916529/000118518516003913/arotech10k123115.htm
0,2014-12-31,ARTX,2015-03-20 00:00:00,2015-03-20 17:00:07,FY,103562349,70854737,32707612,0.315825319876,3322449.0,17261358,5921338.0,-1553522.0,24951623,100056622,0.0,4255246.0,7760973.0,0.0749401020249,3505727.0,0.0338513661949,1005071.0,4510798.0,0.0435563507738,1023837.0,3486961.0,0.0336701613441,0.15472,0.15472,21934532,22537272,https://www.sec.gov/Archives/edgar/data/916529/000118518515000560/0001185185-15-000560-index.html,https://www.sec.gov/Archives/edgar/data/916529/000118518515000560/arotech10k123114.htm
0,2013-12-31,ARTX,2014-03-31,2014-03-31 16:15:20,FY,88571428,64480140,24091288,0.271998414658,2955883.0,10886959,5617705.0,-499272.0,18961275,85031813,0.0,2287551.0,5827166.0,0.0657905842954,3539615.0,0.0399633954191,-212925.0,3326690.0,0.0375594034681,1052720.0,2152351.0,0.0243007372536,0.12579,0.12579,16507848,17110588,https://www.sec.gov/Archives/edgar/data/916529/000118518514000763/0001185185-14-000763-index.htm,https://www.sec.gov/Archives/edgar/data/916529/000118518514000763/arotech10k123113.htm
0,2012-12-31,ARTX,2013-04-01 00:00:00,2013-04-01 10:18:50,FY,80050434,62141038,17909396,0.22372640728,2043718.0,10052765,5487910.0,-547986.0,17036407,80910970,0.0,2272717.0,1412181.0,0.0176411410836,-860536.0,-0.0107499229798,-539702.0,-2388521.0,0.0,628156.0,-3016677.0,-0.0376847051198,-0.20503,-0.20503,15569153,14713583,https://www.sec.gov/Archives/edgar/data/916529/000118518513000701/0001185185-13-000701-index.html,https://www.sec.gov/Archives/edgar/data/916529/000118518513000701/arotech10k123112.htm
0,2011-12-31,ARTX,2012-04-16,2012-04-16 17:09:37,FY,-62135578,-45950930,-16184648,0.260473122178,-1401868.0,-10677855,-5254891.0,-331006.0,-17665620,-65190641,0.0,-761803.0,2293260.0,-0.0369073576494,3055063.0,-0.0491676926221,299487.0,3354550.0,-0.0539875882381,-1608611.0,11527005,-0.185513764755,0.82268,0.82268,15308724,14011566,https://www.sec.gov/Archives/edgar/data/916529/000118518512000798/0001185185-12-000798-index.htm,https://www.sec.gov/Archives/edgar/data/916529/000118518512000798/arotech10k123111.htm
0,2010-12-31,ARTX,2011-03-30,2011-03-30 16:19:39,FY,53103826000,0.0,53103826000,1.0,0.0,0.0,0.0,0.0,0.0,0.0,0.0,1173626000,1173626000,0.022100592149424413,0.0,0.0,0.0,0.0,0.0,0.0,0.0,0.0,0.0,0.0,13216861000,13216861000,https://www.sec.gov/Archives/edgar/data/916529/000118518511000384/0001185185-11-000384-index.htm,https://www.sec.gov/Archives/edgar/data/916529/000118518511000384/arotech10k123110.htm
0,2009-12-31,ARTX,2010-03-31 00:00:00,2010-03-31 13:54:31,FY,54414921000,0.0,54414921000,1.0,0.0,0.0,0.0,0.0,0.0,0.0,0.0,1260458000,1260458000,0.02316383037659836,0.0,0.0,0.0,0.0,0.0,0.0,0.0,0.0,0.0,0.0,13943991000,13943991000,https://www.sec.gov/Archives/edgar/data/916529/000118518510000326/0001185185-10-000326-index.html,https://www.sec.gov/Archives/edgar/data/916529/000118518510000326/arotech-10k_123109.htm
0,2008-12-31,ARTX,2009-04-10,2009-04-09 17:46:56,FY,50177909000,0.0,50177909000,1.0,0.0,0.0,0.0,0.0,0.0,0.0,0.0,1246238000,1246238000,0.024836387662148296,0.0,0.0,0.0,0.0,0.0,0.0,0.0,0.0,0.0,0.0,12595987000,12595987000,https://www.sec.gov/Archives/edgar/data/916529/000118518509000303/0001185185-09-000303-index.htm,https://www.sec.gov/Archives/edgar/data/916529/000118518509000303/arotech-10k12312008.htm
0,2007-12-31,ARTX,2008-04-14,2008-04-14 17:23:43,FY,57719561000,0.0,57719561000,1.0,0.0,0.0,0.0,0.0,0.0,0.0,0.0,1376749000,1376749000,0.023852381690844807,0.0,0.0,0.0,0.0,0.0,0.0,0.0,0.0,0.0,0.0,11315676000,11315676000,https://www.sec.gov/Archives/edgar/data/916529/000114036108009537/0001140361-08-009537-index.htm,https://www.sec.gov/Archives/edgar/data/916529/000114036108009537/form10k.htm
0,2006-12-31,ARTX,2007-04-17,2007-04-17 16:19:44,FY,43120739000,0.0,43120739000,1.0,0.0,0.0,0.0,0.0,0.0,0.0,0.0,0.0,0.0,0.0,0.0,0.0,0.0,0.0,0.0,0.0,0.0,0.0,0.0,0.0,7841428000,7841428000,https://www.sec.gov/Archives/edgar/data/916529/000114420407019231/0001144204-07-019231-index.htm,https://www.sec.gov/Archives/edgar/data/916529/000114420407019231/v071633_10k.htm
0,2005-12-31,ARTX,2006-03-31,2006-03-31 09:56:47,FY,49044595000,34383736000,14660859000,0.2989291480539293,1300429000,14862435000,4471590000,15327504000,35961958000,35961958000,23667888000,0.0,-23923411000,-0.4877889398413831,-23923411000,-0.4877889398413831,338900000,-24043411000,-0.49023569263850586,0.0,-24043411000,-0.49023569263850586,-0.29247,-0.29247,82209300000,82209300000,https://www.sec.gov/Archives/edgar/data/916529/000114420406012678/0001144204-06-012678-index.htm,https://www.sec.gov/Archives/edgar/data/916529/000114420406012678/v039231_10k.htm
