,date,symbol,fillingDate,acceptedDate,period,revenue,costOfRevenue,grossProfit,grossProfitRatio,researchAndDevelopmentExpenses,generalAndAdministrativeExpenses,sellingAndMarketingExpenses,otherExpenses,operatingExpenses,costAndExpenses,interestExpense,depreciationAndAmortization,ebitda,ebitdaratio,operatingIncome,operatingIncomeRatio,totalOtherIncomeExpensesNet,incomeBeforeTax,incomeBeforeTaxRatio,incomeTaxExpense,netIncome,netIncomeRatio,eps,epsdiluted,weightedAverageShsOut,weightedAverageShsOutDil,link,finalLink
0,2019-12-31,DCO,2020-02-20 00:00:00,2020-02-20 16:25:45,FY,721088000,568891000,152197000,0.211066,0.0,95964000,0.0,0.0,96144000,665035000,-18290000,28305000,47778000,0.066258,56053000,0.077734,0.0,37763000,0.052369,5302000.0,32461000,0.045017,2.7528,2.7528,11792000,11792000,https://www.sec.gov/Archives/edgar/data/30305/000162828020001898/0001628280-20-001898-index.html,https://www.sec.gov/Archives/edgar/data/30305/000162828020001898/dco10-k2019.htm
0,2018-12-31,DCO,2019-02-28 00:00:00,2019-02-28 16:28:21,FY,629307000,506711000,122596000,0.194811,0.0,84007000,0.0,0.0,99604000.00000004,606315000,-13024000,25296000,22543000,0.035822,22992000,0.036535,303000.0,10271000,0.016321,1236000.0,9035000.0,0.014357,0.77494,0.77494,11659000,11659000,https://www.sec.gov/Archives/edgar/data/30305/000162828019002279/0001628280-19-002279-index.html,https://www.sec.gov/Archives/edgar/data/30305/000162828019002279/dco10-k2018.htm
0,2017-12-31,DCO,2018-02-28 00:00:00,2018-02-28 16:26:25,FY,558183000,455050000,103133000,0.184766,0.0,79139000,0.0,0.0,87498999.99999997,542549000,-8870000.0,22845000,21584000,0.038668,15634000,0.028009,845000.0,7609000.0,0.013632,-12468000,20077000,0.035968,1.73707,1.73707,11558000,11558000,https://www.sec.gov/Archives/edgar/data/30305/000162828018002505/0001628280-18-002505-index.html,https://www.sec.gov/Archives/edgar/data/30305/000162828018002505/dco10-k2017.htm
0,2016-12-31,DCO,2017-03-06 00:00:00,2017-03-06 16:53:41,FY,550642000,444102000,106540000,0.193483,0.0,77142000,0.0,0.0,59720000.00000003,503822000.00000006,-8922000.0,22860000,52051000,0.094528,46820000,0.085028,215000.0,38113000,0.069216,12852000,25261000,0.045876,2.23568,2.23568,11299000,11299000,https://www.sec.gov/Archives/edgar/data/30305/000162828017002221/0001628280-17-002221-index.html,https://www.sec.gov/Archives/edgar/data/30305/000162828017002221/dco10-k2016.htm
0,2015-12-31,DCO,2016-03-14 00:00:00,2016-03-14 16:27:12,FY,666011000,565219000,100792000,0.151337,0.0,85921000,0.0,0.0,190820999.9999999,756039999.9999999,-18709000,26846000,-100050000,-0.150223,-90029000,-0.135176,2148000.0,-106590000,-0.160042,-33308000,-74879000,-0.112429,-6.77822,-6.77822,11047000,11047000,https://www.sec.gov/Archives/edgar/data/30305/000162828016012671/0001628280-16-012671-index.html,https://www.sec.gov/Archives/edgar/data/30305/000162828016012671/dco10-k2015.htm
0,2014-12-31,DCO,2015-04-10,2015-04-09 20:10:04,FY,742045000,601713000,140332000,0.189115,0.0,88565000,0.0,0.0,88565000.00000004,690278000,-28077000,29024000,27187000,0.036638,51767000,0.069763,2550000.0,26240000,0.035362,6373000.0,19867000,0.026773,1.78564,1.78564,11126000,11126000,https://www.sec.gov/Archives/edgar/data/30305/000162828015002233/dco10-k2014.htm,https://www.sec.gov/Archives/edgar/data/30305/000162828015002233/dco10-k2014.htm
0,2013-12-31,DCO,2014-02-27,2014-02-27 16:51:45,FY,736700000,602000000,134600000,0.182707,0.0,84800000,0.0,0.0,97100000.00000001,699100000,-29900000,30930000,8637000.0,0.011724,37600000,0.051038,0.0,7700000.0,0.010452,-1693000.0,9300000.0,0.012624,0.85321,0.85321,10900000,10900000,https://www.sec.gov/Archives/edgar/data/30305/000144530514000669/dco-12312013x10k.htm,https://www.sec.gov/Archives/edgar/data/30305/000144530514000669/dco-12312013x10k.htm
0,2012-12-31,DCO,2013-03-04 00:00:00,2013-03-04 16:07:53,FY,747000000,605600000,141500000,0.189424,0.0,86600000,0.0,-32798000,86600000.00000001,692200000,-32800000,29410000,18588000,0.024884,54800000,0.07336,0.0,22000000,0.029451,5578000.0,16400000,0.021954,1.54717,1.54717,10600000,10600000,https://www.sec.gov/Archives/edgar/data/30305/000119312513089632/0001193125-13-089632-index.html,https://www.sec.gov/Archives/edgar/data/30305/000119312513089632/d446146d10k.htm
0,2011-12-31,DCO,2012-03-05 00:00:00,2012-03-05 16:32:44,FY,580900000,475000000,105900000,0.182303,0.0,85800000,0.0,-18198000,140000000,615000000,-18200000,21460000,-49082000,-0.084493,-34100000,-0.058702,0.0,-52300000,-0.090033,-4742000.0,-47600000,-0.081942,-4.53333,-4.53333,10500000,10500000,https://www.sec.gov/Archives/edgar/data/30305/000119312512096819/0001193125-12-096819-index.html,https://www.sec.gov/Archives/edgar/data/30305/000119312512096819/d275261d10k.htm
0,2010-12-31,DCO,2011-02-22,2011-02-22 06:15:47,FY,408400000,328300000,80100000,0.196131,0.0,53700000,0.0,328260000,53599999.99999996,381899999.99999994,1805000.0,13600000,30350000,0.074314,26500000,0.064887,0.0,24700000,0.06048,-4855000.0,19800000,0.048482,1.86792,1.86792,10600000,10600000,https://www.sec.gov/Archives/edgar/data/30305/000119312511041192/d10k.htm,https://www.sec.gov/Archives/edgar/data/30305/000119312511041192/d10k.htm
0,2009-12-31,DCO,2010-02-22 00:00:00,2010-02-22 17:28:15,FY,430700000,351900000,78800000,0.182958,0.0,49600000,0.0,364851000,62600000.00000002,414500000,2522000.0,13560000,22705000,0.052717,16300000,0.037845,0.0,13800000,0.032041,-3577000.0,10200000,0.023682,0.97143,0.97143,10500000,10500000,https://www.sec.gov/Archives/edgar/data/30305/000119312510036507/0001193125-10-036507-index.html,https://www.sec.gov/Archives/edgar/data/30305/000119312510036507/d10k.htm
0,2008-12-31,DCO,2009-02-25 00:00:00,2009-02-25 17:04:56,FY,403800000,321900000,81900000,0.202823,0.0,50500000,0.0,334964000,63600000.00000002,385500000,1242000.0,9970000.0,20375000,0.050458,18300000,0.045319,0.0,17000000,0.0421,-3937000.0,13100000,0.032442,1.23585,1.23585,10600000,10600000,https://www.sec.gov/Archives/edgar/data/30305/000119312509037501/0001193125-09-037501-index.html,https://www.sec.gov/Archives/edgar/data/30305/000119312509037501/d10k.htm
0,2007-12-31,DCO,2008-02-25,2008-02-25 06:22:24,FY,367300000,291500000,75800000,0.206371,0.0,46200000,0.0,291456000,46100000.00000002,337600000,2395000.0,9990000.0,24351000,0.066297,29700000,0.08086,0.0,27300000,0.074326,-7634000.0,19600000,0.053362,1.86667,1.86667,10500000,10500000,https://www.sec.gov/Archives/edgar/data/30305/000119312508036828/d10k.htm,https://www.sec.gov/Archives/edgar/data/30305/000119312508036828/d10k.htm
0,2006-12-31,DCO,2007-02-27,2007-02-27 17:09:00,FY,319000000,256500000,62600000,0.196238,0.0,41900000,0.0,256465000,41800000.00000001,298300000,2601000.0,9770000.0,22880000,0.071724,20700000,0.06489,0.0,18100000,0.05674,-3791000.0,14300000,0.044828,1.38835,1.38835,10300000,10300000,https://www.sec.gov/Archives/edgar/data/30305/000119312507041156/d10k.htm,https://www.sec.gov/Archives/edgar/data/30305/000119312507041156/d10k.htm
0,2005-12-31,DCO,2006-03-01,2006-03-01 14:50:58,FY,249700000,198000000,51700000,0.207048,0.0,31100000,0.0,198041000,31099999.999999993,229100000,-522000.0,7590000.0,17941000,0.07185,20600000,0.082499,0.0,21100000,0.084501,-5127000.0,16000000,0.064077,1.56863,1.56863,10200000,10200000,https://www.sec.gov/Archives/edgar/data/30305/000119312506042716/d10k.htm,https://www.sec.gov/Archives/edgar/data/30305/000119312506042716/d10k.htm
0,2004-12-31,DCO,2005-03-01,2005-03-01 16:53:54,FY,224900000,181300000,43500000,0.193419,0.0,28900000,0.0,181344000,28899999.999999978,210199999.99999997,210000.0,7500000.0,15617000,0.06944,14700000,0.065362,0.0,14500000,0.064473,-3293000.0,11200000,0.0498,1.09804,1.09804,10200000,10200000,https://www.sec.gov/Archives/edgar/data/30305/000119312505039903/d10k.htm,https://www.sec.gov/Archives/edgar/data/30305/000119312505039903/d10k.htm
0,2003-12-31,DCO,2004-03-04,2004-03-04 14:23:55,FY,225900000,175300000,50600000,0.223993,0.0,27900000,0.0,175325000,28000000,203300000,753000.0,7570000.0,17580000,0.077822,22600000,0.100044,0.0,23100000,0.102258,-6943000.0,16200000,0.071713,1.63636,1.63636,9900000.0,9900000.0,https://www.sec.gov/Archives/edgar/data/30305/000119312504034525/d10k.htm,https://www.sec.gov/Archives/edgar/data/30305/000119312504034525/d10k.htm
0,2002-12-31,DCO,2003-02-26,2003-02-25 21:41:26,FY,212400000,170900000,41500000,0.195386,0.0,24400000,0.0,170913000,24400000.000000007,195300000,1632000.0,8020000.0,10570000,0.049765,17100000,0.080508,0.0,15500000,0.072976,-5582000.0,6500000.0,0.030603,0.66327,0.66327,9800000.0,9800000.0,https://www.sec.gov/Archives/edgar/data/30305/000095016803000529/d10k.htm,https://www.sec.gov/Archives/edgar/data/30305/000095016803000529/d10k.htm
0,2001-12-31,DCO,2002-02-21 00:00:00,2002-02-21 00:00:00,FY,212700000,167000000,45800000,0.215327,0.0,28900000,0.0,0.0,32699999.99999999,199700000,-2400000.0,11080000,19280000,0.090644,13000000,0.061119,0.0,10700000,0.050306,8200000.0,2400000.0,0.011283,0.24742,0.24742,9700000.0,9700000.0,https://www.sec.gov/Archives/edgar/data/30305/000089256902000401/0000892569-02-000401-index.html,https://www.sec.gov/Archives/edgar/data/30305/000089256902000401/a79363e10-k.htm
0,2000-12-31,DCO,2001-02-28 00:00:00,2001-02-28 00:00:00,FY,165700000,117800000,48000000,0.28968,0.0,22800000,0.0,0.0,25600000.00000001,143400000,-1800000.0,8750000.0,27450000,0.165661,22300000,0.134581,0.0,20500000,0.123718,7800000.0,12700000,0.076645,1.30928,1.30928,9700000.0,9700000.0,https://www.sec.gov/Archives/edgar/data/30305/000089256901500082/0000892569-01-500082-index.html,https://www.sec.gov/Archives/edgar/data/30305/000089256901500082/a70035e10-k.txt
0,1999-12-31,DCO,,,FY,146100000,99700000,46300000,0.316906,0.0,21800000,0.0,0.0,23899999.99999999,123599999.99999999,-600000.0,6850000.0,28050000,0.191992,22500000,0.154004,0.0,21900000,0.149897,8400000.0,13400000,0.091718,1.27619,1.27619,10500000,10500000,,
0,1998-12-31,DCO,,,FY,170800000,113900000,56800000,0.332553,0.0,27000000,0.0,0.0,27099999.999999993,141000000,-100000.0,5870000.0,44670000,0.261534,29800000,0.174473,0.0,38900000,0.227752,15200000,23700000,0.138759,2.0431,2.0431,11600000,11600000,,
0,1997-12-31,DCO,,,FY,157300000,107000000,50300000,0.319771,0.0,25000000,0.0,0.0,25000000,132000000,-600000.0,5340000.0,29440000,0.187158,25300000,0.160839,0.0,24700000,0.157025,10400000,14300000,0.090909,1.3,1.3,11000000,11000000,,
0,1996-12-31,DCO,,,FY,118400000,79700000,38600000,0.326014,0.0,23100000,0.0,0.0,23200000.000000004,102900000,-1200000.0,4470000.0,17570000,0.148395,15500000,0.130912,0.0,14300000,0.120777,4000000.0,10300000,0.086993,0.88034,0.88034,11700000,11700000,,
0,1995-12-31,DCO,1996-03-13 00:00:00,1996-03-13 00:00:00,FY,91200000,61100000,30100000,0.330044,0.0,19600000,0.0,0.0,19600000,80700000,-3600000.0,4380000.0,7680000.0,0.084211,10500000,0.115132,0.0,6900000.0,0.075658,1900000.0,5000000.0,0.054825,0.45872,0.45872,10900000,10900000,https://www.sec.gov/Archives/edgar/data/30305/000089256996000236/0000892569-96-000236-index.html,https://www.sec.gov/Archives/edgar/data/30305/0000892569-96-000236.txt
