,date,symbol,fillingDate,acceptedDate,period,revenue,costOfRevenue,grossProfit,grossProfitRatio,researchAndDevelopmentExpenses,generalAndAdministrativeExpenses,sellingAndMarketingExpenses,otherExpenses,operatingExpenses,costAndExpenses,interestExpense,depreciationAndAmortization,ebitda,ebitdaratio,operatingIncome,operatingIncomeRatio,totalOtherIncomeExpensesNet,incomeBeforeTax,incomeBeforeTaxRatio,incomeTaxExpense,netIncome,netIncomeRatio,eps,epsdiluted,weightedAverageShsOut,weightedAverageShsOutDil,link,finalLink
0,2019-12-31,IDL.PA,2019-12-31,2019-12-31,FY,1534239000,890541000,643698000,0.41955523226824504,0.0,0.0,0.0,0.0,12684000,1481549000,14593000,1287000.0,200411000,0.13062567174996856,52690000,0.01926427368877991,0.0,29556000,0.01926427368877991,13088000,14824000,0.009662119135284659,2.63,2.48,5639377.0,5982986.0,https://www.infogreffe.com/recherche-entreprise-dirigeants/resultats-entreprise-dirigeants.html?ga_cat=globale&ga_q=I.D.L#phrase=I.D.L,https://www.infogreffe.com/recherche-entreprise-dirigeants/resultats-entreprise-dirigeants.html?ga_cat=globale&ga_q=I.D.L#phrase=I.D.L
0,2018-12-31,IDL.PA,2018-12-31,2018-12-31,FY,1410300000,821967000,588333000,0.41716868751329506,0.0,0.0,0.0,0.0,16374000,1364280000,4558000.0,1287000.0,73871000,0.0523796355385379,46020000,0.028918669786570234,0.0,40784000,0.028918669786570234,12586000,25336000,0.0179649719917748,4.5,4.24,5625440.0,5964672.0,https://www.infogreffe.com/recherche-entreprise-dirigeants/resultats-entreprise-dirigeants.html?ga_cat=globale&ga_q=I.D.L#phrase=I.D.L,https://www.infogreffe.com/recherche-entreprise-dirigeants/resultats-entreprise-dirigeants.html?ga_cat=globale&ga_q=I.D.L#phrase=I.D.L
0,2017-12-31,IDL.PA,2017-12-31,2017-12-31,FY,1329270000,775758000,553512000,0.4164029881062538,0.0,0.0,0.0,0.0,12154000,1293847000,5374000.0,1287000.0,56826000,0.042749779954411066,35423000,0.018237077493661935,0.0,24242000,0.018237077493661935,6332000.0,16149000,0.012148773386896567,2.89,2.71,5588720.0,5948317.0,https://www.infogreffe.com/recherche-entreprise-dirigeants/resultats-entreprise-dirigeants.html?ga_cat=globale&ga_q=I.D.L#phrase=I.D.L,https://www.infogreffe.com/recherche-entreprise-dirigeants/resultats-entreprise-dirigeants.html?ga_cat=globale&ga_q=I.D.L#phrase=I.D.L
0,2016-12-31,IDL.PA,2016-12-31,2016-12-31,FY,1070067000,608298000,461769000,0.43153279187191085,0.0,0.0,0.0,0.0,10491000,1043019000,6469000.0,787000.0,40288000,0.037649978926553196,27048000,0.022289258523064445,0.0,23851000,0.022289258523064445,6454000.0,15490000,0.014475729089860728,2.78,2.6,5579817.0,5948658.0,https://www.infogreffe.com/recherche-entreprise-dirigeants/resultats-entreprise-dirigeants.html?ga_cat=globale&ga_q=I.D.L#phrase=I.D.L,https://www.infogreffe.com/recherche-entreprise-dirigeants/resultats-entreprise-dirigeants.html?ga_cat=globale&ga_q=I.D.L#phrase=I.D.L
0,2015-12-31,IDL.PA,2015-12-31,2015-12-31,FY,930813000,511848000,418965000,0.4501065197843176,0.0,0.0,0.0,0.0,34921000,891438000,6302000.0,537000.0,61889000,0.06648918740928629,39375000,0.03578054883204253,0.0,33305000,0.03578054883204253,10161000,21284000,0.022866032167578234,3.82,3.58,5578154.0,5945777.0,https://www.infogreffe.com/recherche-entreprise-dirigeants/resultats-entreprise-dirigeants.html?ga_cat=globale&ga_q=I.D.L#phrase=I.D.L,https://www.infogreffe.com/recherche-entreprise-dirigeants/resultats-entreprise-dirigeants.html?ga_cat=globale&ga_q=I.D.L#phrase=I.D.L
0,2014-12-31,IDL.PA,2014-12-31,2014-12-31,FY,874503000,459424000,415079000,0.4746455987000616,0.0,0.0,0.0,0.0,14412000,833469000,6893000.0,537000.0,66148000,0.07564067819092674,41034000,0.03441154575799054,0.0,30093000,0.03441154575799054,11460000,18026000,0.020612850956486142,3.23,3.04,5576823.0,5922908.0,https://www.infogreffe.com/recherche-entreprise-dirigeants/resultats-entreprise-dirigeants.html?ga_cat=globale&ga_q=I.D.L#phrase=I.D.L,https://www.infogreffe.com/recherche-entreprise-dirigeants/resultats-entreprise-dirigeants.html?ga_cat=globale&ga_q=I.D.L#phrase=I.D.L
0,2013-12-31,IDL.PA,2013-12-31,2013-12-31,FY,735124000,392282000,342842000,0.46637302006192155,0.0,0.0,0.0,0.0,12894000,703602000,5904000.0,287000.0,50069000,0.06810959783655547,31522000,0.030386710269287902,0.0,22338000,0.030386710269287902,9313000.0,12050000,0.01639179240509084,2.18,2.07,5517752.0,5828792.0,https://www.infogreffe.com/recherche-entreprise-dirigeants/resultats-entreprise-dirigeants.html?ga_cat=globale&ga_q=I.D.L#phrase=I.D.L,https://www.infogreffe.com/recherche-entreprise-dirigeants/resultats-entreprise-dirigeants.html?ga_cat=globale&ga_q=I.D.L#phrase=I.D.L
0,2012-12-31,IDL.PA,2012-12-31,2012-12-31,FY,559630000,284793000,274837000,0.4911048371245287,0.0,0.0,0.0,0.0,9776000.0,540858000,3539000.0,14228000,34571000,0.061774744027303756,18772000,0.016610975108553867,0.0,9296000.0,0.016610975108553867,4800000.0,4118000.0,0.0073584332505405355,0.81,0.77,5067028.0,5378068.0,https://www.infogreffe.com/recherche-entreprise-dirigeants/resultats-entreprise-dirigeants.html?ga_cat=globale&ga_q=I.D.L#phrase=I.D.L,https://www.infogreffe.com/recherche-entreprise-dirigeants/resultats-entreprise-dirigeants.html?ga_cat=globale&ga_q=I.D.L#phrase=I.D.L
0,2011-12-31,IDL.PA,2011-12-31,2011-12-31,FY,462028000,233358000,228670000,0.4949267143982616,0.0,0.0,0.0,0.0,5974000.0,447207000,4135000.0,14095000,30024000,0.06498307461885428,14821000,0.024204160786792144,0.0,11183000,0.024204160786792144,4397000.0,6527000.0,0.014126849455011385,3.179358,3.179358,2052930.0,2052930.0,https://www.infogreffe.com/recherche-entreprise-dirigeants/resultats-entreprise-dirigeants.html?ga_cat=globale&ga_q=I.D.L#phrase=I.D.L,https://www.infogreffe.com/recherche-entreprise-dirigeants/resultats-entreprise-dirigeants.html?ga_cat=globale&ga_q=I.D.L#phrase=I.D.L
