,date,symbol,fillingDate,acceptedDate,period,revenue,costOfRevenue,grossProfit,grossProfitRatio,researchAndDevelopmentExpenses,generalAndAdministrativeExpenses,sellingAndMarketingExpenses,otherExpenses,operatingExpenses,costAndExpenses,interestExpense,depreciationAndAmortization,ebitda,ebitdaratio,operatingIncome,operatingIncomeRatio,totalOtherIncomeExpensesNet,incomeBeforeTax,incomeBeforeTaxRatio,incomeTaxExpense,netIncome,netIncomeRatio,eps,epsdiluted,weightedAverageShsOut,weightedAverageShsOutDil,link,finalLink
0,2019-12-31,GOGL,2020-03-12,Not found...,FY,705799000,378226000,327573000,0.464117,0.0,14123000,0.0,118949000,226917000.00000003,605143000,59547000,93845000,190818000,0.270357,100656000,0.142613,-2573000.0,37426000,0.053026,237000.0,37189000,0.052691,0.25898,0.25898,143599000,143599000,https://www.sec.gov/Archives/edgar/data/1029145/000102914520000011/gogl-20191231.htm,https://www.sec.gov/Archives/edgar/data/1029145/000102914520000011/gogl-20191231.htm
0,2018-12-31,GOGL,2019-03-22,Not found...,FY,656070000,313663000,342407000,0.521906,0.0,14705000,0.0,89721000,197394000,511057000,75108000,92148000,252023000,0.38414,145013000,0.221033,-1849000.0,84767000,0.129204,232000.0,84535000,0.128851,0.58528,0.58528,144434000,144434000,https://www.sec.gov/Archives/edgar/data/1029145/000102914519000005/gogl-201820f.htm,https://www.sec.gov/Archives/edgar/data/1029145/000102914519000005/gogl-201820f.htm
0,2017-12-31,GOGL,2018-03-21,Not found...,FY,460023000,251127000,208896000,0.454099,0.0,12558000,0.0,66792000,158820999.99999997,409947999.99999994,59840000,78093000,135641000,0.294857,50075000,0.108853,501000.0,-2292000.0,-0.004982,56000.0,-2348000.0,-0.005104,-0.01878,-0.01878,125019000,125019000,https://www.sec.gov/Archives/edgar/data/1029145/000102914518000004/gogl-201720f.htm,https://www.sec.gov/Archives/edgar/data/1029145/000102914518000004/gogl-201720f.htm
0,2016-12-31,GOGL,2017-04-05,Not found...,FY,256863000,195729000,61134000,0.238002,0.0,14528000,0.0,52746000,141441999.99999997,337171000,44166000,63433000,-19957000,-0.077695,-80308000,-0.312649,-515000.0,-127866000,-0.497798,155000.0,-127711000,-0.497195,-1.34097,-1.34097,95238000,95238000,https://www.sec.gov/Archives/edgar/data/1029145/000162828017003352/gogl-201620f.htm,https://www.sec.gov/Archives/edgar/data/1029145/000162828017003352/gogl-201620f.htm
0,2015-12-31,GOGL,2016-04-14,Not found...,FY,190238000,161121000,29117000,0.153056,0.0,17198000,0.0,30719000,208477000,369598000,28270000,52728000,-140030000,-0.736078,-179360000,-0.942819,-1897000.0,-220650000,-1.159863,-189000.0,-220839000,-1.160856,-7.30206,-7.30206,30243400,30243400,https://www.sec.gov/Archives/edgar/data/1029145/000162828016014205/gogl-201520f.htm,https://www.sec.gov/Archives/edgar/data/1029145/000162828016014205/gogl-201520f.htm
0,2014-12-31,GOGL,2015-04-29,Not found...,FY,96715000,52631000,44084000,0.455813,0.0,5037000.0,0.0,0.0,24598000,77229000,2525000.0,19561000,38081000,0.393745,19486000,0.201479,-737000.0,16253000,0.16805,0.0,15995000,0.165383,1.52061,1.52061,10518800,10518800,https://www.sec.gov/Archives/edgar/data/1029145/000162828015003027/ktl-201420f.htm,https://www.sec.gov/Archives/edgar/data/1029145/000162828015003027/ktl-201420f.htm
0,2013-12-31,GOGL,,,FY,37500000,14700000,22800000,0.608,0.0,4900000.0,0.0,0.0,16000000,30700000,-2800000.0,11100000,4400000.0,0.117333,6800000.0,0.181333,-500000.0,3500000.0,0.093333,0.0,-3900000.0,-0.104,-0.76471,-0.76471,5100000.0,5100000.0,,
0,2012-12-31,GOGL,2013-04-15,Not found...,FY,37300000,11900000,25400000,0.680965,0.0,4300000.0,0.0,27307000,15400000,27300000,3765000.0,20500000,-29135000,-0.781099,10000000,0.268097,-500000.0,5900000.0,0.158177,0.0,-53400000,-1.431635,-10.89796,-10.89796,4900000.0,4900000.0,https://www.sec.gov/Archives/edgar/data/1029145/000144530513000820/ktl-201220f.htm,https://www.sec.gov/Archives/edgar/data/1029145/000144530513000820/ktl-201220f.htm
0,2011-12-31,GOGL,2012-04-27,Not found...,FY,55500000,9900000.0,45600000,0.821622,0.0,3500000.0,0.0,56303000,14600000,24500000,4957000.0,22800000,60457000,1.089315,31000000,0.558559,-500000.0,27100000,0.488288,0.0,32700000,0.589189,6.67347,6.67347,4900000.0,4900000.0,https://www.sec.gov/Archives/edgar/data/1029145/000091957412002932/d1282142_20-f.htm,https://www.sec.gov/Archives/edgar/data/1029145/000091957412002932/d1282142_20-f.htm
0,2010-12-31,GOGL,2011-03-18,Not found...,FY,40800000,6400000.0,34500000,0.845588,0.0,3000000.0,0.0,52730000,10900000,17300000,3940000.0,19600000,62140000,1.523039,23600000,0.578431,-600000.0,20100000,0.492647,0.0,38600000,0.946078,10.15789,10.15789,3800000.0,3800000.0,https://www.sec.gov/Archives/edgar/data/1029145/000091957411002407/d1180542_20-f.htm,https://www.sec.gov/Archives/edgar/data/1029145/000091957411002407/d1180542_20-f.htm
0,2009-12-31,GOGL,2010-03-17,Not found...,FY,67300000,27400000,39900000,0.592868,0.0,1800000.0,0.0,43583000,16200000.000000004,43600000,1895000.0,14300000,37895000,0.563076,23800000,0.35364,-300000.0,21700000,0.322437,0.0,21700000,0.322437,6.38235,6.38235,3400000.0,3400000.0,https://www.sec.gov/Archives/edgar/data/1029145/000091957410002629/d1081452_20-f.htm,https://www.sec.gov/Archives/edgar/data/1029145/000091957410002629/d1081452_20-f.htm
0,2008-12-31,GOGL,2009-06-30,Not found...,FY,82900000,18500000,64400000,0.77684,0.0,1500000.0,0.0,33796000,15299999.999999996,33800000,3216000.0,13700000,65016000,0.78427,49100000,0.59228,-200000.0,48100000,0.580217,0.0,48100000,0.580217,14.14706,14.14706,3400000.0,3400000.0,https://www.sec.gov/Archives/edgar/data/1029145/000091957409012740/d1008079_20-f.htm,https://www.sec.gov/Archives/edgar/data/1029145/000091957409012740/d1008079_20-f.htm
0,2008-04-18,GOGL,2008-04-24,Not found...,FY,88160000,0.0,88160000,1.0,0.0,0.0,0.0,46913000,46913000,46913000,6373000.0,17016000,107382000,1.218035390199637,90366000,1.0250226860254084,0.0,84836000,0.9622958257713249,0.0,84836000,0.9622958257713249,4.96,4.96,17104032,17104032,https://www.sec.gov/Archives/edgar/data/1029145/000091957408002611/0000919574-08-002611-index.htm,https://www.sec.gov/Archives/edgar/data/1029145/000091957408002611/d875784_20-f.htm
0,2007-12-31,GOGL,,,FY,88200000,28400000,59700000,0.676871,0.0,1500000.0,0.0,0.0,-30599999.999999996,-2199999.999999998,-5300000.0,17000000,96500000,1.094104,90400000,1.024943,-200000.0,84800000,0.961451,0.0,84800000,0.961451,24.94118,24.94118,3400000.0,3400000.0,,
0,2006-12-31,GOGL,,,FY,105700000,35900000,69900000,0.661306,0.0,1500000.0,0.0,0.0,18600000,54500000,-5500000.0,17100000,57300000,0.5421,51300000,0.485336,-100000.0,45700000,0.432356,0.0,45700000,0.432356,13.44118,13.44118,3400000.0,3400000.0,,
0,2005-12-31,GOGL,,,FY,100200000,33700000,66500000,0.663673,0.0,1000000.0,0.0,0.0,18099999.999999993,51799999.99999999,-4400000.0,17100000,56700000,0.565868,48400000,0.483034,-100000.0,44000000,0.439122,0.0,44000000,0.439122,12.94118,12.94118,3400000.0,3400000.0,,
0,2004-12-31,GOGL,,,FY,135700000,24100000,111600000,0.822402,0.0,1100000.0,0.0,0.0,18299999.999999996,42400000,-7400000.0,17200000,95600000,0.704495,93300000,0.687546,0.0,85800000,0.632277,0.0,85800000,0.632277,25.23529,25.23529,3400000.0,3400000.0,,
0,2003-12-31,GOGL,,,FY,75200000,0.0,75200000,1.0,0.0,900000.0,0.0,0.0,18500000,18500000,-9300000.0,17600000,55800000,0.742021,56800000,0.755319,-100000.0,47500000,0.631649,0.0,47500000,0.631649,13.97059,13.97059,3400000.0,3400000.0,,
0,2002-12-31,GOGL,,,FY,40300000,0.0,40300000,1.0,0.0,800000.0,0.0,0.0,18400000,18400000,-8900000.0,17600000,21300000,0.528536,21900000,0.543424,-400000.0,12600000,0.312655,0.0,12600000,0.312655,3.70588,3.70588,3400000.0,3400000.0,,
0,2001-12-31,GOGL,,,FY,61500000,0.0,0.0,0.0,0.0,800000.0,0.0,0.0,18400000,18400000,-8800000.0,17600000,42700000,0.694309,43100000,0.700813,-400000.0,33900000,0.55122,0.0,33900000,0.55122,9.97059,9.97059,3400000.0,3400000.0,,
0,2000-12-31,GOGL,,,FY,76300000,0.0,0.0,0.0,0.0,800000.0,0.0,0.0,18400000,18400000,-8700000.0,17600000,57600000,0.754915,57900000,0.758847,-500000.0,48700000,0.63827,0.0,48700000,0.63827,14.32353,14.32353,3400000.0,3400000.0,,
0,1999-12-31,GOGL,,,FY,40300000,0.0,0.0,0.0,0.0,800000.0,0.0,0.0,18400000,18400000,-8800000.0,17600000,21400000,0.531017,21800000,0.540943,-400000.0,12600000,0.312655,0.0,12600000,0.312655,3.70588,3.70588,3400000.0,3400000.0,,
0,1998-12-31,GOGL,,,FY,45000000,0.0,0.0,0.0,0.0,800000.0,0.0,0.0,18400000,18400000,-8800000.0,17600000,26200000,0.582222,26600000,0.591111,-400000.0,17400000,0.386667,0.0,17400000,0.386667,5.11765,5.11765,3400000.0,3400000.0,,
0,1997-12-31,GOGL,,,FY,42100000,0.0,0.0,0.0,0.0,700000.0,0.0,0.0,15600000,15600000,-6800000.0,14900000,27600000,0.655582,26600000,0.631829,-300000.0,19500000,0.463183,0.0,19500000,0.463183,8.125,8.125,2400000.0,2400000.0,,
