,date,symbol,fillingDate,acceptedDate,period,revenue,costOfRevenue,grossProfit,grossProfitRatio,researchAndDevelopmentExpenses,generalAndAdministrativeExpenses,sellingAndMarketingExpenses,otherExpenses,operatingExpenses,costAndExpenses,interestExpense,depreciationAndAmortization,ebitda,ebitdaratio,operatingIncome,operatingIncomeRatio,totalOtherIncomeExpensesNet,incomeBeforeTax,incomeBeforeTaxRatio,incomeTaxExpense,netIncome,netIncomeRatio,eps,epsdiluted,weightedAverageShsOut,weightedAverageShsOutDil,link,finalLink
0,2019-12-31,XPO,2020-02-10 00:00:00,2020-02-10 17:26:06,FY,16648000000,13982000000,2666000000,0.16013935607880828,0.0,1845000000,0.0,54000000,0.0,15827000000,292000000,0.0,1614000000,0.09694858241230178,821000000,0.03417827967323402,40000000,569000000,0.03417827967323402,129000000,419000000,0.02516818837097549,3.95,3.57,96000000,106000000,https://www.sec.gov/Archives/edgar/data/1166003/000116600320000028/0001166003-20-000028-index.html,https://www.sec.gov/Archives/edgar/data/1166003/000116600320000028/xpo201910-k.htm
0,2018-12-31,XPO,2019-02-14 00:00:00,2019-02-14 16:25:05,FY,17279000000,14738000000,2541000000,0.1470571213611899,0.0,1837000000,0.0,109000000,0.0,16575000000,217000000,0.0,1529000000,0.08848891718270734,704000000,0.03275652526187858,79000000,566000000,0.03275652526187858,122000000,422000000,0.024422709647549046,3.17,2.88,123000000,135000000,https://www.sec.gov/Archives/edgar/data/1166003/000116600319000021/0001166003-19-000021-index.html,https://www.sec.gov/Archives/edgar/data/1166003/000116600319000021/xpo201810-k.htm
0,2017-12-31,XPO,2018-02-12 00:00:00,2018-02-12 16:14:32,FY,15380800000,13101100000,2279700000,0.14821725787995424,0.0,1656500000,0.0,15400000,0.0,14757600000,284300000,0.0,1297000000,0.08432591282638094,623200000,0.016949703526474565,-78200000,260700000,0.016949703526474565,-99500000,340200000,0.022118485384375323,2.72,2.45,114900000,127800000,https://www.sec.gov/Archives/edgar/data/1166003/000116600318000022/0001166003-18-000022-index.html,https://www.sec.gov/Archives/edgar/data/1166003/000116600318000022/xpo201710-k.htm
0,2016-12-31,XPO,2017-02-28 00:00:00,2017-02-28 16:36:40,FY,14619400000,12480100000,2139300000,0.14633295484082795,0.0,1651200000,0.0,9200000.0,0.0,14131300000,361100000,0.0,1140700000,0.07802645799417213,488100000,0.007305361369139636,-20200000,106800000,0.007305361369139636,22300000,69000000,0.004719755940736282,0.57,0.53,110200000,122800000,https://www.sec.gov/Archives/edgar/data/1166003/000162828017001912/0001628280-17-001912-index.html,https://www.sec.gov/Archives/edgar/data/1166003/000162828017001912/xpo201610-k.htm
0,2015-12-31,XPO,2016-02-29 00:00:00,2016-02-29 16:42:22,FY,7623200000,7467900000,155300000,0.020372022247874908,0.0,183900000,0.0,-3100000.0,0.0,7651800000,216700000,0.0,333200000,0.043708678770070314,-28600000,-0.03705792842900619,-37200000,-282500000,-0.03705792842900619,-90900000,-191100000,-0.025068212824010914,-2.65,-2.65,92800000,92800000,https://www.sec.gov/Archives/edgar/data/1166003/000162828016011979/0001628280-16-011979-index.html,https://www.sec.gov/Archives/edgar/data/1166003/000162828016011979/xpo201510-k.htm
0,2014-12-31,XPO,2015-02-23 00:00:00,2015-02-23 16:10:04,FY,2356600000,2325500000,31100000,0.013196978698124416,0.0,72000000,0.0,-800000.0,0.0,2397500000,48000000,0.0,56600000,0.024017652550284308,-40900000,-0.03806331155053891,-800000.0,-89700000,-0.03806331155053891,-26100000,-63600000,-0.026988033607739964,-2.0,-2.0,53600000,53600000,https://www.sec.gov/Archives/edgar/data/1166003/000162828015000923/0001628280-15-000923-index.html,https://www.sec.gov/Archives/edgar/data/1166003/000162828015000923/xpo201410-k.htm
0,2013-12-31,XPO,2014-02-26,2014-02-25 21:49:28,FY,702303000,725270000,-22967000,-0.03270240907414606,0.0,29358000,0.0,-478000.0,0.0,754628000,18169000,0.0,-32008000,-0.04557577000240637,-52325000,-0.10105609686986956,-478000.0,-70972000,-0.10105609686986956,-22442000,-48530000,-0.06910122838717761,-2.26,-2.26,22752000,22752000,https://www.sec.gov/Archives/edgar/data/1166003/000119312514067991/d660394d10k.htm,https://www.sec.gov/Archives/edgar/data/1166003/000119312514067991/d660394d10k.htm
0,2012-12-31,XPO,2013-03-12 00:00:00,2013-03-12 17:25:58,FY,278591000,294939000,-16348000,-0.058681005488332355,0.0,11616000,0.0,-363000.0,0.0,306555000,3207000.0,0.0,-25614000,-0.09194123284671794,-27964000,-0.1131910219640979,-363000.0,-31534000,-0.1131910219640979,-11195000,-20339000,-0.07300666568553901,-1.49,-1.49,15694000,15694000,https://www.sec.gov/Archives/edgar/data/1166003/000119312513103438/0001193125-13-103438-index.html,https://www.sec.gov/Archives/edgar/data/1166003/000119312513103438/d495733d10k.htm
0,2011-12-31,XPO,2012-03-01 00:00:00,2012-03-01 09:23:07,FY,177076000,147298000,29778000,0.16816508165985228,0.0,27008000,0.0,0.0,0.0,175352000,191000.0,1046000.0,2964000.0,0.016738575526892407,1724000.0,0.008341051300006777,-56000.0,1477000.0,0.008341051300006777,718000.0,759000.0,0.004286295150105039,-5.41,-5.41,8246577.0,8246577.0,https://www.sec.gov/Archives/edgar/data/1166003/000119312512090969/0001193125-12-090969-index.html,https://www.sec.gov/Archives/edgar/data/1166003/000119312512090969/d306070d10k.htm
0,2010-12-31,XPO,2011-03-25,2011-03-25 16:23:54,FY,157987000,130587000,27400000,0.17343199123978556,0.0,18954000,0.0,0.0,0.0,149541000,205000.0,0.0,9736000.0,0.061625323602574895,8446000.0,0.05127637084063879,-140000.0,8101000.0,0.05127637084063879,3213000.0,4888000.0,0.03093925449562306,0.6,0.6,8060345.0,8278995.0,https://www.sec.gov/Archives/edgar/data/1166003/000143774911001752/express_10k-123110.htm,https://www.sec.gov/Archives/edgar/data/1166003/000143774911001752/express_10k-123110.htm
0,2009-12-31,XPO,2010-03-26 00:00:00,2010-03-26 17:26:17,FY,100136000,83396000,16740000,0.16717264520252456,0.0,13569000,0.0,0.0,0.0,96965000,105000.0,0.0,4362000.0,0.04356075736997683,3171000.0,0.030109051689702005,-51000.0,3015000.0,0.030109051689702005,1325000.0,1705000.0,0.017026843492849723,0.2,0.2,8008804.0,8041861.0,https://www.sec.gov/Archives/edgar/data/1166003/000095012310028925/0000950123-10-028925-index.html,https://www.sec.gov/Archives/edgar/data/1166003/000095012310028925/k48989e10vk.htm
0,2008-12-31,XPO,2009-03-30 00:00:00,2009-03-30 16:34:26,FY,109462000,91628000,17834000,0.16292411978586177,0.0,12664000,0.0,0.0,0.0,104292000,354000.0,0.0,6284000.0,0.05740805028228974,5170000.0,0.04303776653085089,-105000.0,4711000.0,0.04303776653085089,1894000.0,3156000.0,0.028831923407209806,0.4,0.4,7863441.0,7939291.0,https://www.sec.gov/Archives/edgar/data/1166003/000095012409000088/0000950124-09-000088-index.html,https://www.sec.gov/Archives/edgar/data/1166003/000095012409000088/k47621e10vk.htm
0,2007-12-31,XPO,2008-03-27,2008-03-27 15:00:35,FY,52789000,39911000,12878000,0.24395233855538084,0.0,9342000.0,0.0,0.0,0.0,49253000,0.0,0.0,3536000.0,0.06698365189717555,3536000.0,0.06575233476671276,0.0,3471000.0,0.06575233476671276,1300000.0,2171000.0,0.04112599215745705,0.32,0.32,6672595.0,6831682.0,https://www.sec.gov/Archives/edgar/data/1166003/000095012408001571/k25117e10vk.htm,https://www.sec.gov/Archives/edgar/data/1166003/000095012408001571/k25117e10vk.htm
0,2006-12-31,XPO,2007-03-29 00:00:00,2007-03-29 12:45:00,FY,42191000,31396000,10795000,0.255860254556659,0.0,7608000.0,0.0,0.0,-1054000.0,39004000,0.0,0.0,4035000.0,0.09563651015619445,3187000.0,0.0657960228484748,206000.0,2776000.0,0.0657960228484748,-1128000.0,3904000.0,0.09253158256500202,0.6,0.6,6574280.0,6660253.0,https://www.sec.gov/Archives/edgar/data/1166003/000095012407001822/0000950124-07-001822-index.html,https://www.sec.gov/Archives/edgar/data/1166003/000095012407001822/k13506e10vk.htm
0,2005-12-31,XPO,2006-03-31,2006-03-31 15:58:39,FY,39848000,30852000,8996000.0,0.22575787994378638,0.0,14624000,0.0,0.0,10345000,57256000,0.0,0.0,-11525000,-0.28922405139530216,-17408000,-0.14592953222244529,-4448000.0,-5815000.0,-0.14592953222244529,0.0,-5815000.0,-0.14592953222244529,-0.88,-0.88,6630912.0,6630912.0,https://www.sec.gov/Archives/edgar/data/1166003/000095012406001658/k03323e10ksb.htm,https://www.sec.gov/Archives/edgar/data/1166003/000095012406001658/k03323e10ksb.htm
0,2004-12-31,XPO,2005-03-30,2005-03-30 17:24:11,FY,42481000,34320000,8161000.0,0.19210941362020667,0.0,13282000,0.0,0.0,17216000,66072000,0.0,0.0,-19769000,-0.46536098491090133,-23591000,-0.12144252724747534,-2568000.0,-5159000.0,-0.12144252724747534,-1921000.0,-3238000.0,-0.07622231115086744,-0.56,-0.56,5983942.0,5983942.0,https://www.sec.gov/Archives/edgar/data/1166003/000119312505065283/d10ksb.htm,https://www.sec.gov/Archives/edgar/data/1166003/000119312505065283/d10ksb.htm
0,2003-12-31,XPO,,,FY,14687754,0.0,0.0,0.0,0.0,3309875.0,0.0,0.0,10943160,14253035,0.0,0.0,613890.0,0.041796043152683524,434719.0,0.01206433604484389,0.0,177198.0,0.01206433604484389,-25965.0,203163.0,0.013832135260435327,0.16,0.16,2350923.0,2657739.0,,
0,2002-12-31,XPO,,,FY,9994506.0,7781632.0,2212874.0,0.22140904212774498,0.0,1743476.0,0.0,0.0,-43830.0,9481278.0,0.0,0.0,614992.0,0.06153300623362475,513228.0,0.03743206517660803,0.0,374115.0,0.03743206517660803,0.0,374115.0,0.03743206517660803,0.24,0.2,1641310.0,1989002.0,,
