,date,symbol,fillingDate,acceptedDate,period,revenue,costOfRevenue,grossProfit,grossProfitRatio,researchAndDevelopmentExpenses,generalAndAdministrativeExpenses,sellingAndMarketingExpenses,otherExpenses,operatingExpenses,costAndExpenses,interestExpense,depreciationAndAmortization,ebitda,ebitdaratio,operatingIncome,operatingIncomeRatio,totalOtherIncomeExpensesNet,incomeBeforeTax,incomeBeforeTaxRatio,incomeTaxExpense,netIncome,netIncomeRatio,eps,epsdiluted,weightedAverageShsOut,weightedAverageShsOutDil,link,finalLink
0,2020-09-30,ATKR,2020-11-19,2020-11-18 19:16:45,FY,1765421000,1274107000,491314000,0.27829849084156133,0.0,219496000,0.0,1704000.0,0.0,1525865000,40062000,32262000,330533000,0.18722616305119288,239556000,0.11441916687294419,2504000.0,201998000,0.11441916687294419,49696000,152302000,0.08626950738662337,0.0,0.0,0.0,0.0,https://www.sec.gov/Archives/edgar/data/1666138/000166613820000123/0001666138-20-000123-index.htm,https://www.sec.gov/Archives/edgar/data/1666138/000166613820000123/atkr2020annualreport.htm
0,2019-09-30,ATKR,2019-11-22 00:00:00,2019-11-21 19:20:15,FY,1916538000,1419338000,497200000,0.25942611103980195,0.0,240660000,0.0,1685000.0,0.0,1692874000,50473000,32876000,297696000,0.15533007954968803,223664000,0.09635551186566611,11478000,184669000,0.09635551186566611,45618000,139051000,0.07255321835518001,2.91,2.83,47783849,47783849,https://www.sec.gov/Archives/edgar/data/1666138/000166613819000094/0001666138-19-000094-index.html,https://www.sec.gov/Archives/edgar/data/1666138/000166613819000094/atkr2019annualreport.htm
0,2018-09-30,ATKR,2018-11-28 00:00:00,2018-11-27 20:38:36,FY,1835139000,1397055000,438084000,0.23871979179778752,0.0,226282000,0.0,2044000.0,0.0,1655441000,40694000,32104000,247740000,0.13499794838429133,179698000,0.09064817433447821,28240000,166352000,0.09064817433447821,29707000,136645000,0.07446029973751307,2.59,2.48,52758687,54089000,https://www.sec.gov/Archives/edgar/data/1666138/000166613818000129/0001666138-18-000129-index.html,https://www.sec.gov/Archives/edgar/data/1666138/000166613818000129/atkr2018annualreport.htm
0,2017-09-30,ATKR,2017-11-29 00:00:00,2017-11-28 21:25:15,FY,1503934000,1141302000,362632000,0.241122283291687,0.0,182768000,0.0,5071000.0,0.0,1346477000,26598000,22407000,217255000,0.14445780200460925,157457000,0.0838633876220632,-4734000.0,126125000,0.0838633876220632,41486000,84639000,0.05627840051491621,1.33,1.27,63420000,66585000,https://www.sec.gov/Archives/edgar/data/1666138/000166613817000105/0001666138-17-000105-index.html,https://www.sec.gov/Archives/edgar/data/1666138/000166613817000105/atkr2017annualreport.htm
0,2016-09-30,ATKR,2016-11-29 00:00:00,2016-11-29 06:20:01,FY,1523384000,1154702000,368682000,0.24201514522930528,0.0,219397000,0.0,0.0,0.0,1396337000,41798000,22238000,182064000,0.11951287397005614,127047000,0.05696593898846253,1532000.0,86781000,0.05696593898846253,27985000,58796000,0.03859565283605447,0.94,0.94,62486000,62820000,https://www.sec.gov/Archives/edgar/data/1666138/000166613816000021/0001666138-16-000021-index.html,https://www.sec.gov/Archives/edgar/data/1666138/000166613816000021/atkr4q16annualreport.htm
