,date,symbol,fillingDate,acceptedDate,period,revenue,costOfRevenue,grossProfit,grossProfitRatio,researchAndDevelopmentExpenses,generalAndAdministrativeExpenses,sellingAndMarketingExpenses,otherExpenses,operatingExpenses,costAndExpenses,interestExpense,depreciationAndAmortization,ebitda,ebitdaratio,operatingIncome,operatingIncomeRatio,totalOtherIncomeExpensesNet,incomeBeforeTax,incomeBeforeTaxRatio,incomeTaxExpense,netIncome,netIncomeRatio,eps,epsdiluted,weightedAverageShsOut,weightedAverageShsOutDil,link,finalLink
0,2019-12-31,AC.TO,2019-12-31,2019-12-31,FY,19131000000,14539000000,4592000000,0.24002927186242223,0.0,1271000000,874000000,-61000000,1671000000,17481000000,480000000,0.0,3700000000,0.19340337671841515,1650000000,0.0927813496419424,480000000,1775000000,0.0927813496419424,299000000,1476000000,0.07715226595577858,5.51,5.44,268000000,272000000,https://www.sedar.com/ModifyCompanyDocumentSearchForm.do?lang=EN&company_search=Air Canada&document_selection=0&industry_group=A&FromDate=13&FromMonth=05&FromYear=2000&ToDate=13&ToMonth=11&ToYear=2020&Variable=Issuer,https://www.sedar.com/ModifyCompanyDocumentSearchForm.do?lang=EN&company_search=Air Canada&document_selection=0&industry_group=A&FromDate=13&FromMonth=05&FromYear=2000&ToDate=13&ToMonth=11&ToYear=2020&Variable=Issuer
0,2018-12-31,AC.TO,2018-12-31,2018-12-31,FY,18065000000,14284000000,3781000000,0.20929975089952949,0.0,1101000000,807000000,-34000000,1506000000,16891000000,296000000,0.0,2316000000,0.1282037088292278,1174000000,0.02241904234707999,-531000000,405000000,0.02241904234707999,238000000,167000000,0.00924439523941323,0.61,0.6,272000000,276000000,https://www.sedar.com/ModifyCompanyDocumentSearchForm.do?lang=EN&company_search=Air Canada&document_selection=0&industry_group=A&FromDate=13&FromMonth=05&FromYear=2000&ToDate=13&ToMonth=11&ToYear=2020&Variable=Issuer,https://www.sedar.com/ModifyCompanyDocumentSearchForm.do?lang=EN&company_search=Air Canada&document_selection=0&industry_group=A&FromDate=13&FromMonth=05&FromYear=2000&ToDate=13&ToMonth=11&ToYear=2020&Variable=Issuer
0,2017-12-31,AC.TO,2017-12-31,2017-12-31,FY,16252000000,12438000000,3814000000,0.23467880876199854,0.0,1031000000,777000000,-21000000,1389000000,14858000000,275000000,0.0,2352000000,0.14472064976618262,1394000000,0.0786980063992124,165000000,1279000000,0.0786980063992124,-759000000,2038000000,0.1253999507752892,7.48,7.34,273000000,278000000,https://www.sedar.com/ModifyCompanyDocumentSearchForm.do?lang=EN&company_search=Air Canada&document_selection=0&industry_group=A&FromDate=13&FromMonth=05&FromYear=2000&ToDate=13&ToMonth=11&ToYear=2020&Variable=Issuer,https://www.sedar.com/ModifyCompanyDocumentSearchForm.do?lang=EN&company_search=Air Canada&document_selection=0&industry_group=A&FromDate=13&FromMonth=05&FromYear=2000&ToDate=13&ToMonth=11&ToYear=2020&Variable=Issuer
0,2016-12-31,AC.TO,2016-12-31,2016-12-31,FY,14677000000,10563000000,4114000000,0.2803025141377666,0.0,945000000,703000000,-111000000,1733000000,13241000000,316000000,0.0,2136000000,0.1455338284390543,1436000000,0.0597533555903795,-215000000,877000000,0.0597533555903795,1000000.0,876000000,0.05968522177556721,3.16,3.1,277000000,282000000,https://www.sedar.com/ModifyCompanyDocumentSearchForm.do?lang=EN&company_search=Air Canada&document_selection=0&industry_group=A&FromDate=13&FromMonth=05&FromYear=2000&ToDate=13&ToMonth=11&ToYear=2020&Variable=Issuer,https://www.sedar.com/ModifyCompanyDocumentSearchForm.do?lang=EN&company_search=Air Canada&document_selection=0&industry_group=A&FromDate=13&FromMonth=05&FromYear=2000&ToDate=13&ToMonth=11&ToYear=2020&Variable=Issuer
0,2015-12-31,AC.TO,2015-12-31,2015-12-31,FY,13868000000,10379000000,3489000000,0.25158638592443033,0.0,819000000,608000000,-80000000,1166000000,12364000000,332000000,0.0,2036000000,0.1468128064609172,1504000000,0.022209402942024805,-805000000,308000000,0.022209402942024805,0.0,303000000,0.021848860686472453,1.06,1.03,285000000,292000000,https://www.sedar.com/ModifyCompanyDocumentSearchForm.do?lang=EN&company_search=Air Canada&document_selection=0&industry_group=A&FromDate=13&FromMonth=05&FromYear=2000&ToDate=13&ToMonth=11&ToYear=2020&Variable=Issuer,https://www.sedar.com/ModifyCompanyDocumentSearchForm.do?lang=EN&company_search=Air Canada&document_selection=0&industry_group=A&FromDate=13&FromMonth=05&FromYear=2000&ToDate=13&ToMonth=11&ToYear=2020&Variable=Issuer
0,2014-12-31,AC.TO,2014-12-31,2014-12-31,FY,13272000000,9330000000,3942000000,0.29701627486437615,0.0,876000000,672000000,-15000000,2251000000,12457000000,292000000,0.0,1248000000,0.09403254972875226,815000000,0.007911392405063292,-323000000,105000000,0.007911392405063292,0.0,100000000,0.007534659433393611,0.35,0.34,286000000,293000000,https://www.sedar.com/ModifyCompanyDocumentSearchForm.do?lang=EN&company_search=Air Canada&document_selection=0&industry_group=A&FromDate=13&FromMonth=05&FromYear=2000&ToDate=13&ToMonth=11&ToYear=2020&Variable=Issuer,https://www.sedar.com/ModifyCompanyDocumentSearchForm.do?lang=EN&company_search=Air Canada&document_selection=0&industry_group=A&FromDate=13&FromMonth=05&FromYear=2000&ToDate=13&ToMonth=11&ToYear=2020&Variable=Issuer
0,2013-12-31,AC.TO,2013-12-31,2013-12-31,FY,12382000000,8581000000,3801000000,0.30697787110321434,0.0,803000000,613000000,75000000,2461000000,11845000000,351000000,0.0,1014000000,0.081893070586335,537000000,0.00016152479405588758,-8000000.0,2000000.0,0.00016152479405588758,-8000000.0,6000000.0,0.00048457438216766274,0.02,0.02,277000000,284000000,https://www.sedar.com/ModifyCompanyDocumentSearchForm.do?lang=EN&company_search=Air Canada&document_selection=0&industry_group=A&FromDate=13&FromMonth=05&FromYear=2000&ToDate=13&ToMonth=11&ToYear=2020&Variable=Issuer,https://www.sedar.com/ModifyCompanyDocumentSearchForm.do?lang=EN&company_search=Air Canada&document_selection=0&industry_group=A&FromDate=13&FromMonth=05&FromYear=2000&ToDate=13&ToMonth=11&ToYear=2020&Variable=Issuer
0,2012-12-31,AC.TO,2012-12-31,2012-12-31,FY,12120000000,8639000000,3481000000,0.2872112211221122,0.0,791000000,603000000,118000000,2377000000,11807000000,286000000,0.0,1065000000,0.08787128712871287,313000000,0.01542904290429043,139000000,187000000,0.01542904290429043,1000000.0,127000000,0.010478547854785478,0.46,0.45,276000000,278000000,https://www.sedar.com/ModifyCompanyDocumentSearchForm.do?lang=EN&company_search=Air Canada&document_selection=0&industry_group=A&FromDate=13&FromMonth=05&FromYear=2000&ToDate=13&ToMonth=11&ToYear=2020&Variable=Issuer,https://www.sedar.com/ModifyCompanyDocumentSearchForm.do?lang=EN&company_search=Air Canada&document_selection=0&industry_group=A&FromDate=13&FromMonth=05&FromYear=2000&ToDate=13&ToMonth=11&ToYear=2020&Variable=Issuer
0,2011-12-31,AC.TO,2011-12-31,2011-12-31,FY,11612000000,5063000000,6549000000,0.5639855322080606,0.0,4412000000,612000000,0.0,1230000000,11433000000,320000000,0.0,927000000,0.07983120909404065,179000000,-0.021529452290733723,-129000000,-250000000,-0.021529452290733723,-1000000.0,-255000000,-0.0219600413365484,-0.92,-0.92,278000000,278000000,https://www.sedar.com/ModifyCompanyDocumentSearchForm.do?lang=EN&company_search=Air Canada&document_selection=0&industry_group=A&FromDate=13&FromMonth=05&FromYear=2000&ToDate=13&ToMonth=11&ToYear=2020&Variable=Issuer,https://www.sedar.com/ModifyCompanyDocumentSearchForm.do?lang=EN&company_search=Air Canada&document_selection=0&industry_group=A&FromDate=13&FromMonth=05&FromYear=2000&ToDate=13&ToMonth=11&ToYear=2020&Variable=Issuer
0,2010-12-31,AC.TO,2010-12-31,2010-12-31,FY,10786000000,4290000000,6496000000,0.6022621917300204,0.0,4020000000,259000000,0.0,0.0,8989000000,377000000,679000000,2495000000,0.23131837567216762,1797000000,0.015204895234563323,-1275000000,164000000,0.015204895234563323,48000000,107000000,0.009920267012794363,0.38,0.37,278000000,292000000,https://www.sedar.com/ModifyCompanyDocumentSearchForm.do?lang=EN&company_search=Air Canada&document_selection=0&industry_group=A&FromDate=13&FromMonth=05&FromYear=2000&ToDate=13&ToMonth=11&ToYear=2020&Variable=Issuer,https://www.sedar.com/ModifyCompanyDocumentSearchForm.do?lang=EN&company_search=Air Canada&document_selection=0&industry_group=A&FromDate=13&FromMonth=05&FromYear=2000&ToDate=13&ToMonth=11&ToYear=2020&Variable=Issuer
0,2009-12-31,AC.TO,2009-12-31,2009-12-31,FY,9739000000,4513000000,5226000000,0.5366054009651915,0.0,2230000000,186000000,8000000.0,2652000000,10055000000,377000000,660000000,366000000,0.03758086045795256,-316000000,-0.06889824417291303,8000000.0,-671000000,-0.06889824417291303,-5000000.0,-24000000,-0.0024643187185542665,-0.18,-0.18,132000000,132000000,https://www.sedar.com/ModifyCompanyDocumentSearchForm.do?lang=EN&company_search=Air Canada&document_selection=0&industry_group=A&FromDate=13&FromMonth=05&FromYear=2000&ToDate=13&ToMonth=11&ToYear=2020&Variable=Issuer,https://www.sedar.com/ModifyCompanyDocumentSearchForm.do?lang=EN&company_search=Air Canada&document_selection=0&industry_group=A&FromDate=13&FromMonth=05&FromYear=2000&ToDate=13&ToMonth=11&ToYear=2020&Variable=Issuer
0,2008-12-31,AC.TO,2008-12-31,2008-12-31,FY,11082000000,5358000000,5724000000,0.5165132647536546,0.0,2357000000,194000000,163000000,2712000000,11121000000,356000000,694000000,95000000,0.008572459844793358,-39000000,-0.08924381880526981,129000000,-989000000,-0.08924381880526981,24000000,-1025000000,-0.0924923299043494,-10.25,-10.25,100000000,100000000,https://www.sedar.com/ModifyCompanyDocumentSearchForm.do?lang=EN&company_search=Air Canada&document_selection=0&industry_group=A&FromDate=13&FromMonth=05&FromYear=2000&ToDate=13&ToMonth=11&ToYear=2020&Variable=Issuer,https://www.sedar.com/ModifyCompanyDocumentSearchForm.do?lang=EN&company_search=Air Canada&document_selection=0&industry_group=A&FromDate=13&FromMonth=05&FromYear=2000&ToDate=13&ToMonth=11&ToYear=2020&Variable=Issuer
0,2007-12-31,AC.TO,2007-12-31,2007-12-31,FY,10599000000,7287000000,3312000000,0.312482309651854,0.0,2260000000,-201000000,0.0,2591000000,12695000000,0.0,557000000,-1539000000,-0.14520237758279084,-2096000000,0.0584017360128314,344000000,619000000,0.0584017360128314,190000000,429000000,0.040475516558165864,4.29,4.27,100000000,101000000,https://www.sedar.com/ModifyCompanyDocumentSearchForm.do?lang=EN&company_search=Air Canada&document_selection=0&industry_group=A&FromDate=13&FromMonth=05&FromYear=2000&ToDate=13&ToMonth=11&ToYear=2020&Variable=Issuer,https://www.sedar.com/ModifyCompanyDocumentSearchForm.do?lang=EN&company_search=Air Canada&document_selection=0&industry_group=A&FromDate=13&FromMonth=05&FromYear=2000&ToDate=13&ToMonth=11&ToYear=2020&Variable=Issuer
0,2006-12-31,AC.TO,2006-12-31,2006-12-31,FY,10167000000,6908000000,3259000000,0.3205468673158257,0.0,2364000000,-237000000,0.0,2085000000,11871000000,0.0,514000000,-1190000000,-0.1170453427756467,-1704000000,-0.007573522179600669,-11000000,-77000000,-0.007573522179600669,-3000000.0,-74000000,-0.007278449886888955,-0.83,-0.83,89000000,89000000,https://www.sedar.com/ModifyCompanyDocumentSearchForm.do?lang=EN&company_search=Air Canada&document_selection=0&industry_group=A&FromDate=13&FromMonth=05&FromYear=2000&ToDate=13&ToMonth=11&ToYear=2020&Variable=Issuer,https://www.sedar.com/ModifyCompanyDocumentSearchForm.do?lang=EN&company_search=Air Canada&document_selection=0&industry_group=A&FromDate=13&FromMonth=05&FromYear=2000&ToDate=13&ToMonth=11&ToYear=2020&Variable=Issuer
0,2005-12-31,AC.TO,2005-12-31,2005-12-31,FY,9458000000,6596000000,2862000000,0.3026009727215056,0.0,2122000000,0.0,0.0,3648000000,12788000000,0.0,422000000,-2908000000,-0.3074645802495242,-3330000000,0.00010573059843518714,36000000,1000000.0,0.00010573059843518714,21000000,-20000000,-0.002114611968703743,-0.36,-0.36,55911627,55911627,https://www.sedar.com/ModifyCompanyDocumentSearchForm.do?lang=EN&company_search=Air Canada&document_selection=0&industry_group=A&FromDate=13&FromMonth=05&FromYear=2000&ToDate=13&ToMonth=11&ToYear=2020&Variable=Issuer,https://www.sedar.com/ModifyCompanyDocumentSearchForm.do?lang=EN&company_search=Air Canada&document_selection=0&industry_group=A&FromDate=13&FromMonth=05&FromYear=2000&ToDate=13&ToMonth=11&ToYear=2020&Variable=Issuer
0,2003-12-31,AC.TO,2003-12-31,2003-12-31,FY,8368000000,0.0,0.0,0.0,0.0,272000000,272000000,-196000000,8780000000,9052000000,0.0,0.0,-684000000,-0.08173996175908221,-684000000,-0.22454588910133844,-196000000,-1879000000,-0.22454588910133844,-12000000,-1867000000,-0.22311185468451242,-15.53,-15.53,120218931,120218931,https://www.sedar.com/ModifyCompanyDocumentSearchForm.do?lang=EN&company_search=Air Canada&document_selection=0&industry_group=A&FromDate=13&FromMonth=05&FromYear=2000&ToDate=13&ToMonth=11&ToYear=2020&Variable=Issuer,https://www.sedar.com/ModifyCompanyDocumentSearchForm.do?lang=EN&company_search=Air Canada&document_selection=0&industry_group=A&FromDate=13&FromMonth=05&FromYear=2000&ToDate=13&ToMonth=11&ToYear=2020&Variable=Issuer
0,2002-12-31,AC.TO,2002-12-31,2002-12-31,FY,9826000000,0.0,0.0,0.0,0.0,2861000000,369000000,55000000,7183000000,10044000000,0.0,0.0,154000000,0.015672705068186445,-218000000,-0.045186240586199876,55000000,-444000000,-0.045186240586199876,384000000,-828000000,-0.0842662324445349,-6.89,-6.89,120174165,120174165,https://www.sedar.com/ModifyCompanyDocumentSearchForm.do?lang=EN&company_search=Air Canada&document_selection=0&industry_group=A&FromDate=13&FromMonth=05&FromYear=2000&ToDate=13&ToMonth=11&ToYear=2020&Variable=Issuer,https://www.sedar.com/ModifyCompanyDocumentSearchForm.do?lang=EN&company_search=Air Canada&document_selection=0&industry_group=A&FromDate=13&FromMonth=05&FromYear=2000&ToDate=13&ToMonth=11&ToYear=2020&Variable=Issuer
0,2001-12-31,AC.TO,2001-12-31,2001-12-31,FY,9611000000,0.0,0.0,0.0,0.0,2971000000,476000000,41000000,7371000000,10342000000,0.0,0.0,-290000000,-0.0301737592342108,-731000000,-0.10248673395068152,41000000,-985000000,-0.10248673395068152,330000000,-1315000000,-0.1368223910103007,-10.95,-10.95,120091324,120091324,https://www.sedar.com/ModifyCompanyDocumentSearchForm.do?lang=EN&company_search=Air Canada&document_selection=0&industry_group=A&FromDate=13&FromMonth=05&FromYear=2000&ToDate=13&ToMonth=11&ToYear=2020&Variable=Issuer,https://www.sedar.com/ModifyCompanyDocumentSearchForm.do?lang=EN&company_search=Air Canada&document_selection=0&industry_group=A&FromDate=13&FromMonth=05&FromYear=2000&ToDate=13&ToMonth=11&ToYear=2020&Variable=Issuer
