,date,symbol,fillingDate,acceptedDate,period,revenue,costOfRevenue,grossProfit,grossProfitRatio,researchAndDevelopmentExpenses,generalAndAdministrativeExpenses,sellingAndMarketingExpenses,otherExpenses,operatingExpenses,costAndExpenses,interestExpense,depreciationAndAmortization,ebitda,ebitdaratio,operatingIncome,operatingIncomeRatio,totalOtherIncomeExpensesNet,incomeBeforeTax,incomeBeforeTaxRatio,incomeTaxExpense,netIncome,netIncomeRatio,eps,epsdiluted,weightedAverageShsOut,weightedAverageShsOutDil,link,finalLink
0,2019-12-31,HRI,2020-02-27,2020-02-27 06:37:51,FY,1999000000,947500000,1051500000,0.5260130065032517,0.0,382400000,0.0,0.0,816800000,1764300000,-173500000,470100000,360200000,0.18019,234700000,0.117409,2400000.0,63600000,0.031816,16100000,47500000,0.023762,1.6323,1.6323,28000000,29000000,https://www.sec.gov/Archives/edgar/data/1364479/000136447920000005/0001364479-20-000005-index.htm,https://www.sec.gov/Archives/edgar/data/1364479/000136447920000005/herc2019form10-k.htm
0,2018-12-31,HRI,2019-02-28,2019-02-28 06:37:27,FY,1976700000,1070900000,905800000,0.45823847827186726,0.0,312400000,0.0,0.0,700000000,1770900000,-137200000,444799999.99999994,376399999.99999994,0.190418,205800000,0.104113,200000.0,68800000,0.034805,-300000.0,69100000,0.034957,2.391,2.391,28000000,28000000,https://www.sec.gov/Archives/edgar/data/1364479/000136447919000004/0001364479-19-000004-index.htm,https://www.sec.gov/Archives/edgar/data/1364479/000136447919000004/herc2018form10-k.htm
0,2017-12-31,HRI,2018-02-28,2018-02-28 09:17:25,FY,1754500000,953100000,801400000,0.4567683100598461,0.0,324600000,0.0,0.0,733199999.9999999,1686300000,-136000000,430400000,230000000,0.131091,68200000,0.038871,3400000.0,-64400000,-0.036706,-224700000,160300000,0.091365,5.6049,5.6049,28000000,28000000,https://www.sec.gov/Archives/edgar/data/1364479/000136447918000005/0001364479-18-000005-index.htm,https://www.sec.gov/Archives/edgar/data/1364479/000136447918000005/herc2017form10-k.htm
0,2016-12-31,HRI,2017-03-15,2017-03-15 17:21:49,FY,1554800000,848400000,706400000,0.4543349626961667,0.0,270000000,0.0,0.0,624500000.0000001,1472900000,-89200000,395300000,301200000,0.193723,81900000,0.052676,2400000.0,-4900000.0,-0.003152,14800000,-19700000,-0.01267,-0.69611,-0.69611,28000000,28000000,https://www.sec.gov/Archives/edgar/data/1364479/000136447917000008/0001364479-17-000008-index.htm,https://www.sec.gov/Archives/edgar/data/1364479/000136447917000008/herc2016form10-k.htm
0,2015-12-31,HRI,2016-02-29,2016-02-29 17:33:09,FY,1678200000,933200000,745000000,0.44392801811464666,0.0,273500000,0.0,-131000000,617200000,1550400000,82000000,420900000.00000006,682200000,0.406507,127800000,0.076153,56100000,156900000,0.093493,68000000,111300000,0.066321,3.93356,3.93356,452000000,456000000,https://www.sec.gov/Archives/edgar/data/1364479/000136447916000045/0001364479-16-000045-index.htm,https://www.sec.gov/Archives/edgar/data/1364479/000136447916000045/hgh2015form10-k.htm
