,date,symbol,fillingDate,acceptedDate,period,revenue,costOfRevenue,grossProfit,grossProfitRatio,researchAndDevelopmentExpenses,generalAndAdministrativeExpenses,sellingAndMarketingExpenses,otherExpenses,operatingExpenses,costAndExpenses,interestExpense,depreciationAndAmortization,ebitda,ebitdaratio,operatingIncome,operatingIncomeRatio,totalOtherIncomeExpensesNet,incomeBeforeTax,incomeBeforeTaxRatio,incomeTaxExpense,netIncome,netIncomeRatio,eps,epsdiluted,weightedAverageShsOut,weightedAverageShsOutDil,link,finalLink
0,2019-12-31,DPW,2020-05-29,2020-05-29 17:25:18,FY,26511640,20452290,6059350.0,0.228554,1861100.0,21302800,1631809.0,4000000.0,33967280,54419570,7262646.0,3465100.0,-22293954,-0.840912,-27907930,-1.052667,0.0,-33054120,-1.246778,-108290.0,-32913410,-1.24147,-22.96082,-22.96082,1433460.0,1433460.0,https://www.sec.gov/Archives/edgar/data/896493/000121465920005205/s51920110k.htm,https://www.sec.gov/Archives/edgar/data/896493/000121465920005205/s51920110k.htm
0,2018-12-31,DPW,2019-04-16,2019-04-16 17:21:00,FY,27154220,21774660,5379560.0,0.198111,1430540.0,22853170,3010790.0,701311.0,24985020.000000004,46759680,-13453340,2906910.0,-42856909,-1.578278,-19605460,-0.722004,0.0,-33058800,-1.217446,-76599.0,-32233880,-1.187067,-444.60524,-444.60524,72500.0,72500.0,https://www.sec.gov/Archives/edgar/data/896493/000121465919002759/dpw41019010k.htm,https://www.sec.gov/Archives/edgar/data/896493/000121465919002759/dpw41019010k.htm
0,2017-12-31,DPW,2018-04-17,2018-04-17 17:17:59,FY,10175000,6325000.0,3850000.0,0.378378,1120000.0,8713000.0,1721000.0,1120000.0,9833000.000000002,16158000.000000002,-4990000.0,255000.0,-15273000,-1.501032,-5983000.0,-0.58801,0.0,-10973000,-1.078428,78000.0,-10616000,-1.043342,-663.91495,-663.91495,15990.0,15990.0,https://www.sec.gov/Archives/edgar/data/896493/000121465918002858/dpw33018010k.htm,https://www.sec.gov/Archives/edgar/data/896493/000121465918002858/dpw33018010k.htm
0,2016-12-31,DPW,2017-04-10,2017-04-10 17:10:57,FY,7596000.0,4890000.0,2706000.0,0.35624,709000.0,3216000.0,916000.0,709000.0,3925000.0,8815000.0,0.0,161000.0,-981000.0,-0.129147,-1219000.0,-0.160479,77000.0,-1142000.0,-0.150342,-20000.0,-1122000.0,-0.147709,-129.71098,-129.71098,8650.0,8650.0,https://www.sec.gov/Archives/edgar/data/896493/000143774917006372/dpw20161231_10k.htm,https://www.sec.gov/Archives/edgar/data/896493/000143774917006372/dpw20161231_10k.htm
0,2015-12-31,DPW,2016-03-30 00:00:00,2016-03-30 15:59:05,FY,7766000.0,5053000.0,2713000.0,0.349343,894000.0,2822000.0,1195000.0,894000.0,3825999.9999999995,8879000.0,0.0,214000.0,-883000.0,-0.113701,-1113000.0,-0.143317,16000.0,-1097000.0,-0.141257,-1000.0,-1096000.0,-0.141128,-129.39787,-129.39787,8470.0,8470.0,https://www.sec.gov/Archives/edgar/data/896493/000143774916028665/0001437749-16-028665-index.html,https://www.sec.gov/Archives/edgar/data/896493/000143774916028665/dpw20151119_10k.htm
0,2014-12-31,DPW,2015-03-27,2015-03-27 17:24:59,FY,9022000.0,5735000.0,3287000.0,0.364332,816000.0,3013000.0,1258000.0,816000.0,4004000.0000000005,9739000.0,0.0,139000.0,-518000.0,-0.057415,-717000.0,-0.079472,0.0,-657000.0,-0.072822,1000.0,-658000.0,-0.072933,-77.41176,-77.41176,8500.0,8500.0,https://www.sec.gov/Archives/edgar/data/896493/000143774915006253/dpw20141231_10k.htm,https://www.sec.gov/Archives/edgar/data/896493/000143774915006253/dpw20141231_10k.htm
0,2013-12-31,DPW,2014-03-28,2014-03-28 08:39:13,FY,8770000.0,5600000.0,3170000.0,0.36146,770000.0,2720000.0,1062000.0,768000.0,3800000.000000001,9400000.0,0.0,210000.00000000003,-417000.0,-0.047548,-630000.0,-0.071836,0.0,-630000.0,-0.071836,3000.0,-630000.0,-0.071836,-63.0,-63.0,10000.0,10000.0,https://www.sec.gov/Archives/edgar/data/896493/000143774914005312/dpw20131231_10k.htm,https://www.sec.gov/Archives/edgar/data/896493/000143774914005312/dpw20131231_10k.htm
0,2012-12-31,DPW,2013-03-29 00:00:00,2013-03-29 16:54:25,FY,8590000.0,5130000.0,3460000.0,0.402794,700000.0,2850000.0,1067000.0,704000.0,3550000.0,8680000.0,0.0,210000.00000000003,-117999.99999999999,-0.013737,-90000.0,-0.010477,-230000.0,-330000.0,-0.038417,2000.0,-330000.0,-0.038417,-33.0,-33.0,10000.0,10000.0,https://www.sec.gov/Archives/edgar/data/896493/000143774913003708/0001437749-13-003708-index.html,https://www.sec.gov/Archives/edgar/data/896493/000143774913003708/dpw_10k-123112.htm
0,2011-12-31,DPW,2012-04-03,2012-04-03 16:57:18,FY,11230000,6720000.0,4520000.0,0.402493,750000.0,2610000.0,1009000.0,749000.0,3350000.0000000005,10070000,0.0,170000.0,1331000.0,0.118522,1160000.0,0.103295,10000.0,1170000.0,0.104185,41000.0,1120000.0,0.099733,112.0,112.0,10000.0,10000.0,https://www.sec.gov/Archives/edgar/data/896493/000143774912003297/digipower_10k-123111.htm,https://www.sec.gov/Archives/edgar/data/896493/000143774912003297/digipower_10k-123111.htm
0,2010-12-31,DPW,2011-03-30,2011-03-29 20:42:53,FY,10400000,6720000.0,3670000.0,0.352885,560000.0,2620000.0,1130000.0,561000.0,3180000.0000000005,9900000.0,-10000.0,90000.0,570000.0,0.054808,500000.0,0.048077,0.0,490000.0,0.047115,0.0,490000.0,0.047115,49.0,49.0,10000.0,10000.0,https://www.sec.gov/Archives/edgar/data/896493/000114420411018077/v216521_10k.htm,https://www.sec.gov/Archives/edgar/data/896493/000114420411018077/v216521_10k.htm
0,2009-12-31,DPW,2010-03-25 00:00:00,2010-03-25 17:19:10,FY,8660000.0,5650000.0,3010000.0,0.347575,560000.0,2560000.0,1146000.0,556000.0,3109999.9999999995,8760000.0,-20000.0,100000.0,-40000.0,-0.004619,-100000.0,-0.011547,0.0,-120000.0,-0.013857,30000.0,-150000.0,-0.017321,-15.0,-15.0,10000.0,10000.0,https://www.sec.gov/Archives/edgar/data/896493/000114420410015683/0001144204-10-015683-index.html,https://www.sec.gov/Archives/edgar/data/896493/000114420410015683/v178639_10k.htm
0,2008-12-31,DPW,2009-03-30 00:00:00,2009-03-30 17:24:51,FY,11900000,8380000.0,3520000.0,0.295798,620000.0,2510000.0,1039000.0,622000.0,3129999.999999999,11509999.999999998,140000.0,90000.0,760000.0,0.063866,390000.0,0.032773,0.0,530000.0,0.044538,-30000.0,560000.0,0.047059,56.0,56.0,10000.0,10000.0,https://www.sec.gov/Archives/edgar/data/896493/000114420409017124/0001144204-09-017124-index.html,https://www.sec.gov/Archives/edgar/data/896493/000114420409017124/v144392_10k.htm
0,2007-12-31,DPW,2008-03-31,2008-03-31 16:54:19,FY,12160000,9050000.0,3110000.0,0.255757,730000.0,2330000.0,975000.0,728000.0,3049999.999999999,12099999.999999998,70000.0,80000.0,270000.0,0.022204,50000.0,0.004112,0.0,120000.0,0.009868,0.0,120000.0,0.009868,12.0,12.0,10000.0,10000.0,https://www.sec.gov/Archives/edgar/data/896493/000114420408019245/v108898_10ksb.htm,https://www.sec.gov/Archives/edgar/data/896493/000114420408019245/v108898_10ksb.htm
0,2006-12-31,DPW,2007-04-02,2007-03-30 19:38:42,FY,12630000,9350000.0,3280000.0,0.259699,660000.0,2500000.0,1163000.0,663000.0,3170000.0,12520000,20000.0,80000.0,230000.0,0.018211,120000.0,0.009501,0.0,130000.0,0.010293,0.0,130000.0,0.010293,13.0,13.0,10000.0,10000.0,https://www.sec.gov/Archives/edgar/data/896493/000127528707001590/dp9462.htm,https://www.sec.gov/Archives/edgar/data/896493/000127528707001590/dp9462.htm
0,2005-12-31,DPW,,,FY,10860000,7740000.0,3120000.0,0.287293,580000.0,2420000.0,0.0,0.0,3000000.0,10740000,-90000.0,90000.0,30000.0,0.002762,110000.0,0.010129,0.0,30000.0,0.002762,0.0,30000.0,0.002762,3.0,3.0,10000.0,10000.0,,
0,2004-12-31,DPW,,,FY,8710000.0,6860000.0,1850000.0,0.2124,620000.0,2470000.0,0.0,0.0,3100000.0000000005,9960000.0,50000.0,100000.0,-1060000.0,-0.121699,-1250000.0,-0.143513,0.0,-1200000.0,-0.137773,-30000.0,-1180000.0,-0.135476,-118.0,-118.0,10000.0,10000.0,,
0,2003-12-31,DPW,,,FY,7370000.0,5370000.0,2000000.0,0.27137,560000.0,2500000.0,0.0,0.0,3059999.9999999995,8430000.0,30000.0,130000.0,-880000.0,-0.119403,-1070000.0,-0.145183,0.0,-1040000.0,-0.141113,-80000.0,-960000.0,-0.130258,-96.0,-96.0,10000.0,10000.0,,
0,2002-12-31,DPW,,,FY,8780000.0,6310000.0,2470000.0,0.281321,750000.0,2240000.0,0.0,0.0,2990000.000000001,9300000.000000002,290000.0,300000.0,350000.0,0.039863,-530000.0,-0.060364,0.0,-240000.0,-0.027335,-530000.0,290000.0,0.03303,29.0,29.0,10000.0,10000.0,,
0,2001-12-31,DPW,,,FY,10330000,11940000,-1610000.0,-0.155857,1070000.0,3040000.0,0.0,0.0,5049999.999999999,16990000,-50000.0,450000.0,-6340000.0,-0.613746,-6660000.0,-0.644724,0.0,-6740000.0,-0.652469,300000.0,-7040000.0,-0.68151,-1504.76,-1504.76,0.0,0.0,,
0,2000-12-31,DPW,,,FY,17880000,13220000,4660000.0,0.260626,1170000.0,3240000.0,0.0,0.0,4409999.999999998,17629999.999999996,-60000.0,480000.0,620000.0,0.034676,250000.0,0.013982,0.0,200000.0,0.011186,100000.0,100000.0,0.005593,22.16,22.16,0.0,0.0,,
0,1999-12-31,DPW,,,FY,15350000,11280000,4080000.0,0.265798,950000.0,2800000.0,0.0,0.0,3750000.0,15030000,-150000.0,500000.0,500000.0,0.032573,320000.0,0.020847,0.0,150000.0,0.009772,120000.0,30000.0,0.001954,11.03,11.03,0.0,0.0,,
0,1998-12-31,DPW,,,FY,18730000,14780000,3960000.0,0.211426,1400000.0,3130000.0,0.0,0.0,4529999.999999999,19310000,-260000.0,420000.0,-670000.0,-0.035771,-580000.0,-0.030966,0.0,-830000.0,-0.044314,-260000.0,-570000.0,-0.030432,-168.87,-168.87,0.0,0.0,,
0,1997-12-31,DPW,,,FY,18880000,13960000,4930000.0,0.261123,870000.0,1590000.0,0.0,0.0,2460000.000000001,16420000.000000002,-40000.0,170000.0,2560000.0,0.135593,2470000.0,0.130826,0.0,2430000.0,0.128708,1030000.0,1400000.0,0.074153,327.22,327.22,0.0,0.0,,
