,date,symbol,fillingDate,acceptedDate,period,revenue,costOfRevenue,grossProfit,grossProfitRatio,researchAndDevelopmentExpenses,generalAndAdministrativeExpenses,sellingAndMarketingExpenses,otherExpenses,operatingExpenses,costAndExpenses,interestExpense,depreciationAndAmortization,ebitda,ebitdaratio,operatingIncome,operatingIncomeRatio,totalOtherIncomeExpensesNet,incomeBeforeTax,incomeBeforeTaxRatio,incomeTaxExpense,netIncome,netIncomeRatio,eps,epsdiluted,weightedAverageShsOut,weightedAverageShsOutDil,link,finalLink
0,2019-12-31,FELE,2020-02-25 00:00:00,2020-02-25 16:06:07,FY,1314578000,886475000,428103000,0.325658,0.0,298251000,0.0,-412000000,300969999.9999999,1187445000,8245000.0,36977000,161541000,0.122884,127133000,0.09671,-412000.0,116835000,0.088876,20836000,95483000,0.072634,2.04024,2.04024,46800000,46800000,https://www.sec.gov/Archives/edgar/data/38725/000003872520000053/0000038725-20-000053-index.html,https://www.sec.gov/Archives/edgar/data/38725/000003872520000053/fele-20191231.htm
0,2018-12-31,FELE,2019-02-28 00:00:00,2019-02-28 12:50:34,FY,1298129000,865763000,432366000,0.333069,0.0,298306000,0.0,-1042000000,300371999.99999994,1166135000,9839000.0,38604000,169220000,0.130357,131994000,0.10168,-1042000.0,120407000,0.092754,14900000,105877000,0.081561,2.2527,2.2527,47000000,47000000,https://www.sec.gov/Archives/edgar/data/38725/000003872519000046/0000038725-19-000046-index.html,https://www.sec.gov/Archives/edgar/data/38725/000003872519000046/a2018123110-k.htm
0,2017-12-31,FELE,2018-02-27 00:00:00,2018-02-27 13:22:54,FY,1124909000,747927000,376982000,0.335122,0.0,265086000,0.0,0.0,269992999.99999994,1017919999.9999999,10322000,38506000,153002000,0.136013,106989000,0.095109,6895000.0,104587000,0.092974,25994000,78180000,0.069499,1.6634,1.6634,47000000,47000000,https://www.sec.gov/Archives/edgar/data/38725/000003872518000039/0000038725-18-000039-index.html,https://www.sec.gov/Archives/edgar/data/38725/000003872518000039/a2017123110-k.htm
0,2016-12-31,FELE,2017-03-01 00:00:00,2017-03-01 12:52:11,FY,949856000,618450000,331406000,0.348901,0.0,221109000,0.0,0.0,220611000,839061000,8732000.0,35534000,147809000,0.155612,110795000,0.116644,993000.0,104113000,0.109609,24798000,78745000,0.082902,1.68619,1.68619,46700000,46700000,https://www.sec.gov/Archives/edgar/data/38725/000003872517000042/0000038725-17-000042-index.html,https://www.sec.gov/Archives/edgar/data/38725/000003872517000042/a2016123110-k.htm
0,2016-01-02,FELE,2016-03-02 00:00:00,2016-03-02 13:17:16,FY,924923000,627315000,297608000,0.321765,0.0,204050000,0.0,0.0,207246999.99999997,834562000,10039000,35476000,131085000,0.141725,90361000,0.097696,6863000.0,86316000,0.093322,12625000,72945000,0.078866,1.53246,1.53246,47600000,47600000,https://www.sec.gov/Archives/edgar/data/38725/000003872516000276/0000038725-16-000276-index.html,https://www.sec.gov/Archives/edgar/data/38725/000003872516000276/a2016010210-k.htm
0,2015-01-03,FELE,2015-03-04,2015-03-04 13:29:11,FY,1047777000,703367000,344410000,0.328705,0.0,227711000,0.0,0.0,244322000,947689000,10735000,37210000,136602000,0.130373,100088000,0.095524,1349000.0,89703000,0.085613,18851000,69806000,0.066623,1.44826,1.44826,48200000,48200000,https://www.sec.gov/Archives/edgar/data/38725/000003872515000043/a2015010310-k.htm,https://www.sec.gov/Archives/edgar/data/38725/000003872515000043/a2015010310-k.htm
0,2013-12-28,FELE,2014-02-26,2014-02-26 13:59:18,FY,965500000,633900000,331500000,0.343345,0.0,204000000,0.0,1696000000,207800000.00000006,841700000.0000001,10597000,31400000,152848000,0.15831,123800000,0.128224,1700000.0,111500000,0.115484,28851000,82000000,0.08493,1.70478,1.70478,48100000,48100000,https://www.sec.gov/Archives/edgar/data/38725/000003872514000042/a2013122810-k.htm,https://www.sec.gov/Archives/edgar/data/38725/000003872514000042/a2013122810-k.htm
0,2012-12-29,FELE,2013-02-27 00:00:00,2013-02-27 15:12:22,FY,891300000,589700000,301700000,0.338494,0.0,186800000,0.0,14901000000,176500000,766200000,10208000,28300000,153658000,0.172398,125200000,0.140469,-200000.0,116000000,0.130147,32250000,82900000,0.09301,1.7416,1.7416,47600000,47600000,https://www.sec.gov/Archives/edgar/data/38725/000003872513000044/0000038725-13-000044-index.html,https://www.sec.gov/Archives/edgar/data/38725/000003872513000044/a2012122910-k.htm
0,2011-12-31,FELE,2012-02-29 00:00:00,2012-02-29 13:43:23,FY,821100000,548800000,272300000,0.331628,0.0,168300000,0.0,0.0,178900000.0000001,727700000.0000001,10502000,25300000,122314000,0.148964,93400000,0.11375,200000.0,87100000,0.106077,23412000,63100000,0.076848,1.33122,1.33122,47400000,47400000,https://www.sec.gov/Archives/edgar/data/38725/000003872512000025/0000038725-12-000025-index.html,https://www.sec.gov/Archives/edgar/data/38725/000003872512000025/a2011123110-k.htm
0,2011-01-01,FELE,2011-03-02,2011-03-02 16:54:49,FY,713800000,483600000,230200000,0.322499,0.0,157800000,0.0,-299000000,166199999.99999994,649799999.9999999,9692000.0,24000000,87698000,0.122861,64000000,0.089661,-2800000.0,55000000,0.077052,15106000,38900000,0.054497,0.82766,0.82766,47000000,47000000,https://www.sec.gov/Archives/edgar/data/38725/000003872511000017/fourthquarter10k.htm,https://www.sec.gov/Archives/edgar/data/38725/000003872511000017/fourthquarter10k.htm
0,2010-03-03,FELE,2010-03-03,2010-03-03 10:13:18,FY,625991000000,438152000000,187839000000,0.30006661437624504,0.0,133629000000,0.0,-26000000,133629000000,571781000000,9548000000,25385000000,73400000000,0.11725408192769544,48015000000,0.07670238070515391,-26000000,38892000000,0.06212868875111623,0.0,26724000000,0.04269070961084105,1.12,1.12,23649557522,23860714285,https://www.sec.gov/Archives/edgar/data/38725/000003872510000024/0000038725-10-000024-index.htm,https://www.sec.gov/Archives/edgar/data/38725/000003872510000024/form10_k.htm
0,2010-01-02,FELE,2010-03-03 00:00:00,2010-03-03 10:13:18,FY,626000000,442400000,183600000,0.293291,0.0,133600000,0.0,0.0,139899999.99999997,582300000,-9100000.0,25400000,50100000,0.080032,43700000,0.069808,0.0,34600000,0.055272,10600000,23200000,0.037061,0.49785,0.49785,46600000,46600000,https://www.sec.gov/Archives/edgar/data/38725/000003872510000024/0000038725-10-000024-index.html,https://www.sec.gov/Archives/edgar/data/38725/000003872510000024/form10_k.htm
0,2009-01-03,FELE,2009-03-04 00:00:00,2009-03-04 15:27:52,FY,745600000,518700000,226900000,0.304319,0.0,148000000,0.0,0.0,150199999.99999994,668899999.9999999,10968000000,24200000,11059200000,14.832618,76700000,0.10287,1800000.0,67600000,0.090665,22900000,44100000,0.059147,0.95043,0.95043,46400000,46400000,https://www.sec.gov/Archives/edgar/data/38725/000003872509000012/0000038725-09-000012-index.html,https://www.sec.gov/Archives/edgar/data/38725/000003872509000012/form10_k.htm
0,2007-12-29,FELE,2008-02-27,2008-02-27 16:56:31,FY,602000000,429200000,172800000,0.287043,0.0,119700000,0.0,0.0,123699999.99999999,552900000,8147000000,20400000,8211500000,13.640365,49200000,0.081728,3400000.0,44500000,0.07392,15400000,28700000,0.047674,0.61064,0.61064,47000000,47000000,https://www.sec.gov/Archives/edgar/data/38725/000003872508000013/form10-k.htm,https://www.sec.gov/Archives/edgar/data/38725/000003872508000013/form10-k.htm
0,2006-12-30,FELE,2007-02-28,2007-02-28 15:51:11,FY,557900000,366400000,191600000,0.343431,0.0,102500000,102478000000,0.0,102500000,468900000,3373000000,18000000,3478700000,6.235347,89100000,0.159706,1800000.0,87400000,0.156659,30700000,57000000,0.102169,1.22318,1.22318,46600000,46600000,https://www.sec.gov/Archives/edgar/data/38725/000003872507000032/form10-k.htm,https://www.sec.gov/Archives/edgar/data/38725/000003872507000032/form10-k.htm
0,2005-12-31,FELE,2006-02-14,2006-02-14 17:40:21,FY,403400000,260600000,142800000,0.353991,0.0,70800000,75448000000,0.0,72699999.99999999,333300000,766000000,15000000,852000000,2.112048,70100000,0.173773,1200000.0,70700000,0.17526,25000000,46000000,0.114031,0.99138,0.99138,46400000,46400000,https://www.sec.gov/Archives/edgar/data/38725/000003872506000006/franklinelectric10-k.htm,https://www.sec.gov/Archives/edgar/data/38725/000003872506000006/franklinelectric10-k.htm
0,2005-01-01,FELE,,,FY,370100000,243900000,126200000,0.340989,0.0,60400000,0.0,0.0,65900000,309800000,-1000000.0,15100000,73300000,0.198055,60200000,0.162659,200000.0,59500000,0.160767,21100000,38100000,0.102945,0.82468,0.82468,46200000,46200000,,
0,2004-01-03,FELE,,,FY,359500000,248500000,111000000,0.308762,0.0,59400000,0.0,0.0,59399999.99999998,307900000,-800000.0,13700000,64200000,0.178581,51600000,0.143533,500000.0,51300000,0.142698,16800000,34500000,0.095967,0.76159,0.76159,45300000,45300000,,
0,2002-12-28,FELE,,,FY,354900000,250400000,104500000,0.294449,0.0,54600000,0.0,0.0,54599999.99999999,305000000,0.0,12900000,63400000,0.178642,49900000,0.140603,600000.0,50500000,0.142294,18300000,32200000,0.09073,0.70769,0.70769,45500000,45500000,,
0,2001-12-29,FELE,,,FY,322900000,224800000,98100000,0.303809,5200000.0,47500000,0.0,0.0,52800000.00000001,277600000,-1700000.0,12700000,54400000,0.168473,45300000,0.140291,-200000.0,43400000,0.134407,16200000,27200000,0.084237,0.5978,0.5978,45500000,45500000,,
0,2000-12-30,FELE,,,FY,325700000,235600000,90200000,0.276942,5000000.0,45000000,0.0,0.0,53099999.99999999,288700000,-1800000.0,10800000,44900000,0.137857,37000000,0.113601,800000.0,35900000,0.110224,13700000,22200000,0.068161,0.48791,0.48791,45500000,45500000,,
0,2000-01-01,FELE,,,FY,293200000,203800000,89400000,0.304911,5300000.0,41900000,0.0,0.0,47199999.99999999,251000000,-2100000.0,7500000.0,47800000,0.163029,42300000,0.14427,2200000.0,42400000,0.144611,15600000,26800000,0.091405,0.57511,0.57511,46600000,46600000,,
0,1999-01-02,FELE,,,FY,272500000,187900000,84700000,0.310826,4700000.0,42000000,0.0,0.0,46699999.99999999,234600000,-1500000.0,6700000.0,45200000,0.165872,37900000,0.139083,3600000.0,40000000,0.146789,15200000,24800000,0.091009,0.50202,0.50202,49400000,49400000,,
0,1998-01-03,FELE,,,FY,303300000,212700000,90600000,0.298714,5100000.0,49200000,0.0,0.0,54300000.00000001,267000000,-2500000.0,7600000.0,45600000,0.150346,36300000,0.119683,3100000.0,40500000,0.133531,15000000,25500000,0.084075,0.50098,0.50098,50900000,50900000,,
0,1996-12-28,FELE,1997-02-21 00:00:00,1997-02-21 00:00:00,FY,300700000,216600000,84100000,0.279681,4800000.0,45900000,0.0,0.0,50799999.99999998,267399999.99999997,-1600000.0,8400000.0,40100000,0.133356,33300000,0.110742,1600000.0,33300000,0.110742,11800000,21500000,0.0715,0.40262,0.40262,53400000,53400000,https://www.sec.gov/Archives/edgar/data/38725/000003872597000007/0000038725-97-000007-index.html,https://www.sec.gov/Archives/edgar/data/38725/0000038725-97-000007.txt
0,1995-12-30,FELE,1996-03-06 00:00:00,1996-03-06 00:00:00,FY,276400000,206200000,70200000,0.25398,4700000.0,40700000,0.0,0.0,45500000,251700000,-2800000.0,8900000.0,30400000,0.109986,24800000,0.089725,2300000.0,24300000,0.087916,8800000.0,15500000,0.056078,0.29356,0.29356,52800000,52800000,https://www.sec.gov/Archives/edgar/data/38725/000003872596000003/0000038725-96-000003-index.html,https://www.sec.gov/Archives/edgar/data/38725/0000038725-96-000003.txt
