,date,symbol,fillingDate,acceptedDate,period,revenue,costOfRevenue,grossProfit,grossProfitRatio,researchAndDevelopmentExpenses,generalAndAdministrativeExpenses,sellingAndMarketingExpenses,otherExpenses,operatingExpenses,costAndExpenses,interestExpense,depreciationAndAmortization,ebitda,ebitdaratio,operatingIncome,operatingIncomeRatio,totalOtherIncomeExpensesNet,incomeBeforeTax,incomeBeforeTaxRatio,incomeTaxExpense,netIncome,netIncomeRatio,eps,epsdiluted,weightedAverageShsOut,weightedAverageShsOutDil,link,finalLink
0,2019-12-31,PAYS,2020-04-03,2020-04-03 08:03:32,FY,34666653,15425178,19241475,0.55504276689186,0.0,11656681,0.0,0.0,0.0,28564999,0.0,1483140.0,7584794.0,0.21879222087001016,6101654.0,0.18873382440468078,0.0,6542770.0,0.18873382440468078,-909976.0,7454319.0,0.21502851746316554,0.16,0.14,47436754,54550369,https://www.sec.gov/Archives/edgar/data/1496443/000168316820001096/0001683168-20-001096-index.htm,https://www.sec.gov/Archives/edgar/data/1496443/000168316820001096/paysign_10k-123119.htm
0,2018-12-31,PAYS,2019-03-12,2019-03-12 08:01:28,FY,23423675,12026452,11397223,0.48656852522074356,0.0,7835074.0,0.0,-31125.0,0.0,20951047,0.0,1089521.0,3562149.0,0.15207472781277917,2472628.0,0.1101979514316178,-31125.0,2581241.0,0.1101979514316178,0.0,2588054.0,0.11048881099998185,0.06,0.05,45483693,52347736,https://www.sec.gov/Archives/edgar/data/1496443/000168316819000607/0001683168-19-000607-index.htm,https://www.sec.gov/Archives/edgar/data/1496443/000168316819000607/tpea_10k-123118.htm
0,2017-12-31,PAYS,2018-03-26,2018-03-26 09:00:56,FY,15234091,8534272.0,6699819.0,0.4397911893791366,0.0,4055836.0,0.0,55541.0,0.0,13466299,31623.0,876191.0,2699524.0,0.17720282752676217,1767792.0,0.1176118745778793,55541.0,1791710.0,0.1176118745778793,6000.0,1791141.0,0.11757452413800075,0.04,0.04,43397477,44934977,https://www.sec.gov/Archives/edgar/data/1496443/000168316818000758/0001683168-18-000758-index.htm,https://www.sec.gov/Archives/edgar/data/1496443/000168316818000758/tpea_10k-123117.htm
0,2016-12-31,PAYS,2017-03-27,2017-03-27 17:16:11,FY,10416672,5197370.0,5219302.0,0.5010527354609995,0.0,3288373.0,0.0,16149.0,0.0,9058063.0,77107.0,572320.0,1947078.0,0.18691939229727114,1358609.0,0.1245744322178907,16149.0,1297651.0,0.1245744322178907,0.0,1400799.0,0.1344766351479628,0.03,0.03,42875519,43867228,https://www.sec.gov/Archives/edgar/data/1496443/000168316817000670/0001683168-17-000670-index.htm,https://www.sec.gov/Archives/edgar/data/1496443/000168316817000670/tpnl_10k-123116.htm
0,2015-12-31,PAYS,2016-03-30,2016-03-30 16:32:21,FY,8107541.0,4019514.0,4088027.0,0.5042252638623721,0.0,3734187.0,0.0,-6359.0,0.0,8116413.0,45683.0,362712.0,347481.0,0.042858987700463064,-8872.0,-0.31446982506779797,-2495022.0,-2549577.0,-0.31446982506779797,0.0,-2410337.0,-0.29729569051824717,-0.06,-0.06,39641175,39641175,https://www.sec.gov/Archives/edgar/data/1496443/000101968716005668/0001019687-16-005668-index.htm,https://www.sec.gov/Archives/edgar/data/1496443/000101968716005668/tpea_10k-123115.htm
0,2014-12-31,PAYS,2015-03-25,2015-03-25 10:00:51,FY,10293180,4654715.0,5638465.0,0.5477864955242209,0.0,2715316.0,0.0,0.0,0.0,7541625.0,141515.0,171594.0,2923149.0,0.28398891304727986,2751555.0,0.2535698394470902,0.0,2610040.0,0.2535698394470902,0.0,2610484.0,0.2536129748046765,0.07,0.06,38808085,42405846,https://www.sec.gov/Archives/edgar/data/1496443/000101968715001085/0001019687-15-001085-index.htm,https://www.sec.gov/Archives/edgar/data/1496443/000101968715001085/tpnl_10k-123114.htm
0,2013-12-31,PAYS,2014-03-28,2014-03-28 17:17:25,FY,6307891.0,4103680.0,2204211.0,0.3494370780978936,0.0,1476381.0,0.0,0.0,0.0,5638073.0,59084.0,58012.0,727830.0,0.11538404832930689,669818.0,0.09682063307688735,0.0,610734.0,0.09682063307688735,0.0,611684.0,0.09697123808892703,0.02,0.01,38934053,42394553,https://www.sec.gov/Archives/edgar/data/1496443/000101968714001068/0001019687-14-001068-index.htm,https://www.sec.gov/Archives/edgar/data/1496443/000101968714001068/tpnl_10k-123113.htm
0,2012-12-31,PAYS,2013-04-01,2013-04-01 16:15:28,FY,6700388.0,5305359.0,1395029.0,0.20820122655583528,0.0,760928.0,0.0,-1295879.0,0.0,6125537.0,62156.0,59250.0,634101.0,0.09463645985874251,574851.0,0.2699207866768312,1295879.0,1808574.0,0.2699207866768312,0.0,1816861.0,0.27115758072517593,0.05,0.05,36526943,39574970,https://www.sec.gov/Archives/edgar/data/1496443/000101968713001141/0001019687-13-001141-index.htm,https://www.sec.gov/Archives/edgar/data/1496443/000101968713001141/tpnl_10k-123112.htm
0,2011-12-31,PAYS,2012-04-02,2012-03-30 21:47:27,FY,3236513.0,0.0,0.0,0.0,0.0,547694.0,0.0,0.0,0.0,0.0,63700.0,43508.0,322394.0,0.09961152635567971,0.0,0.06648698769323652,0.0,215186.0,0.06648698769323652,0.0,215291.0,0.06651943001619336,0.01,0.01,35248827,35248827,https://www.sec.gov/Archives/edgar/data/1496443/000101968712001195/0001019687-12-001195-index.htm,https://www.sec.gov/Archives/edgar/data/1496443/000101968712001195/tpnl_10k-123111.htm
