,date,symbol,fillingDate,acceptedDate,period,revenue,costOfRevenue,grossProfit,grossProfitRatio,researchAndDevelopmentExpenses,generalAndAdministrativeExpenses,sellingAndMarketingExpenses,otherExpenses,operatingExpenses,costAndExpenses,interestExpense,depreciationAndAmortization,ebitda,ebitdaratio,operatingIncome,operatingIncomeRatio,totalOtherIncomeExpensesNet,incomeBeforeTax,incomeBeforeTaxRatio,incomeTaxExpense,netIncome,netIncomeRatio,eps,epsdiluted,weightedAverageShsOut,weightedAverageShsOutDil,link,finalLink
0,2019-12-31,R,2020-02-27 00:00:00,2020-02-27 17:27:10,FY,8925801000,7555224000,1370577000,0.15355226942657582,0.0,907449000,0.0,-55835000,121980000,8584653000,241381000,0.0,2265531000,0.25381822875056254,341148000,-0.0047358214685718405,-142038000,-42271000,-0.0047358214685718405,-18999000,-24410000,-0.002734768565868766,-0.457972,-0.47,53278316,53278316,https://www.sec.gov/Archives/edgar/data/85961/000008596120000089/0000085961-20-000089-index.html,https://www.sec.gov/Archives/edgar/data/85961/000008596120000089/a201910-k.htm
0,2018-12-31,R,2019-02-21 00:00:00,2019-02-20 19:23:13,FY,8409215000,6827664000,1581551000,0.1880735597793611,0.0,854807000,0.0,-926000.0,125323000,7807794000,178560000,0.0,2026612000,0.24099895174519856,601421000,0.04445848988282497,-49000000,373861000,0.04445848988282497,98254000,273298000,0.03249982311071842,5.145295,5.145295,53116485,53116485,https://www.sec.gov/Archives/edgar/data/85961/000008596119000033/0000085961-19-000033-index.html,https://www.sec.gov/Archives/edgar/data/85961/000008596119000033/a201810-k.htm
0,2017-12-31,R,2018-02-20 00:00:00,2018-02-16 21:38:20,FY,7329599000,5865831000,1463768000,0.19970642322997478,0.0,871983000,0.0,-20768000,115507000,6853321000,140350000,0.0,1722799000,0.23504682861913728,476278000,0.04281080042714479,-22142000,313786000,0.04281080042714479,-477229000,790558000,0.10785828801821218,14.929569,14.87,52955314,53167451,https://www.sec.gov/Archives/edgar/data/85961/000008596118000035/0000085961-18-000035-index.html,https://www.sec.gov/Archives/edgar/data/85961/000008596118000035/a201710-k.htm
0,2016-12-31,R,2017-02-14 00:00:00,2017-02-14 16:45:03,FY,6786984000,5285568000,1501416000,0.22121991152476564,0.0,842697000,0.0,13068000,113461000,6241726000,147843000,0.0,1813636000,0.2672226721029547,545258000,0.059876522473015996,8966000.0,406381000,0.059876522473015996,141741000,262477000,0.03867358461431469,4.909927,4.9,53463118,53463118,https://www.sec.gov/Archives/edgar/data/85961/000008596117000013/0000085961-17-000013-index.html,https://www.sec.gov/Archives/edgar/data/85961/000008596117000013/a201610-k.htm
0,2015-12-31,R,2016-02-12 00:00:00,2016-02-12 16:03:09,FY,6571893000,5086449000,1485444000,0.22602985167287415,0.0,844497000,0.0,4534000.0,135038000,6065984000,150434000,0.0,1721127000,0.2618921214937614,505909000,0.07139723668659852,113740000,469215000,0.07139723668659852,163226000,304768000,0.046374461665763575,5.698197,5.698197,53490603,53490603,https://www.sec.gov/Archives/edgar/data/85961/000008596116000079/0000085961-16-000079-index.html,https://www.sec.gov/Archives/edgar/data/85961/000008596116000079/a201510-k.htm
0,2014-12-31,R,2015-02-13,2015-02-13 16:26:42,FY,6638774000,5255422000,1383352000,0.20837461856662087,0.0,816975000,0.0,13613000,126572000,6198969000,142075000,0.0,1540940000,0.2321121339572638,439805000,0.050995710955064895,40819000,338549000,0.050995710955064895,118090000,218575000,0.03292400072664019,4.121442,4.11,53039688,53039688,https://www.sec.gov/Archives/edgar/data/85961/000008596115000012/a201410-k.htm,https://www.sec.gov/Archives/edgar/data/85961/000008596115000012/a201410-k.htm
0,2013-12-31,R,2014-02-14,2014-02-13 17:39:24,FY,6419285000,5096614000,1322671000,0.20604646779197372,0.0,790681000,0.0,15372000,137916000,6025211000,137196000,0.0,1422976000,0.22167203979882494,394074000,0.057466680479212245,112017000,368895000,0.057466680479212245,125699000,237792000,0.03704337788398552,4.458578,4.458578,53335386,53335386,https://www.sec.gov/Archives/edgar/data/85961/000008596114000006/a201310-k.htm,https://www.sec.gov/Archives/edgar/data/85961/000008596114000006/a201310-k.htm
0,2012-12-31,R,2013-02-14 00:00:00,2013-02-14 16:42:56,FY,6256967000,5003450000,1253517000,0.20033939766663306,0.0,766704000,0.0,11727000,135904000,5906058000,140557000,0.0,1351522000,0.21600273742853365,350909000,0.04844471770428069,92765000,303117000,0.04844471770428069,102218000,209979000,0.03355923085418223,4.087854,4.087854,51371696,51371696,https://www.sec.gov/Archives/edgar/data/85961/000008596113000007/0000085961-13-000007-index.html,https://www.sec.gov/Archives/edgar/data/85961/000008596113000007/a201210-k.htm
0,2011-12-31,R,2012-02-16 00:00:00,2012-02-16 17:27:41,FY,6050534000,4805876000,1244658000,0.20571043812000725,0.0,771244000,0.0,0.0,129180000,5706300000,133164000,872300000,1256424000,0.2076550598674431,344234000,0.04617559375750967,68317000,279387000,0.04617559375750967,108019000,169777000,0.02805983736311539,3.320041,3.28,51143946,51143946,https://www.sec.gov/Archives/edgar/data/85961/000119312512065540/0001193125-12-065540-index.html,https://www.sec.gov/Archives/edgar/data/85961/000119312512065540/d258773d10k.htm
0,2010-12-31,R,2011-02-15,2011-02-14 20:00:01,FY,5136435000,2766477000,2369958000,0.46140134159197965,0.0,1248545000,0.0,0.0,0.0,4848863000,129994000,833841000,1162313000,0.22628788254888849,287572000,0.03627126596559676,28727000,186305000,0.03627126596559676,61697000,118170000,0.023006229028499338,2.309733,2.25,51174757,51900000,https://www.sec.gov/Archives/edgar/data/85961/000095012311013941/g25403e10vk.htm,https://www.sec.gov/Archives/edgar/data/85961/000095012311013941/g25403e10vk.htm
0,2009-12-31,R,2010-02-12 00:00:00,2010-02-12 12:32:06,FY,4887254000,2362571000,2524683000,0.5165851825994721,0.0,1229586000,0.0,0.0,-12292000,4461081000,144342000,881216000,1217034000,0.24902204796394867,426173000,0.029417132811185995,-6406000.0,143769000,0.029417132811185995,53652000,61945000,0.012674806752421707,1.158748,1.11,55339000,55339000,https://www.sec.gov/Archives/edgar/data/85961/000095012310012013/0000950123-10-012013-index.html,https://www.sec.gov/Archives/edgar/data/85961/000095012310012013/g21972e10vk.htm
0,2008-12-31,R,2009-02-11 00:00:00,2009-02-11 17:22:33,FY,6203743000,3029673000,3174070000,0.5116378934459406,0.0,1763296000,0.0,0.0,1735000.0,5638163000,157257000,843459000,1434061000,0.23116060739460031,565580000,0.05640498002576831,-58401000,349922000,0.05640498002576831,150041000,199881000,0.03221941979221254,3.594306,3.52,56552000,56800000,https://www.sec.gov/Archives/edgar/data/85961/000095014409001161/0000950144-09-001161-index.html,https://www.sec.gov/Archives/edgar/data/85961/000095014409001161/g17573e10vk.htm
0,2007-12-31,R,2008-02-12,2008-02-12 17:01:58,FY,6565995000,3820836000,2745159000,0.41808728151635816,0.0,1410388000,0.0,0.0,3714230000,9761416000,0.0,815962000,-2350286000,-0.35794818607080875,-3195421000,0.06175210307044096,-29173000,405464000,0.06175210307044096,151603000,253861000,0.03866299014848473,4.28,4.24,59313318,59872877,https://www.sec.gov/Archives/edgar/data/85961/000095014408000905/g11625e10vk.htm,https://www.sec.gov/Archives/edgar/data/85961/000095014408000905/g11625e10vk.htm
0,2006-12-31,R,2007-02-15,2007-02-14 20:23:53,FY,6306643000,3691364000,2615279000,0.4146863870366533,0.0,1397391000,0.0,0.0,2722592000,8554635000,0.0,743288000,-1475302000,-0.23392825628468267,-2247992000,0.062310963217673807,-15296000,392973000,0.062310963217673807,144014000,248959000,0.03947567667933637,4.09,4.04,60870171,61623515,https://www.sec.gov/Archives/edgar/data/85961/000095014407001288/g05335e10vk.htm,https://www.sec.gov/Archives/edgar/data/85961/000095014407001288/g05335e10vk.htm
0,2005-12-31,R,2006-02-17,2006-02-17 15:01:46,FY,5740847000,2572241000,3168606000,0.5519405063399181,0.0,1262160000,0.0,0.0,2572241000,7147057000,0.0,740415000,-639119000,-0.11132834579984452,-1406210000,0.0622012744809259,-12320000,357088000,0.0622012744809259,129460000,226929000,0.039528836075930954,3.56,3.52,63744101,64468466,https://www.sec.gov/Archives/edgar/data/85961/000095014406001313/g99593e10vk.htm,https://www.sec.gov/Archives/edgar/data/85961/000095014406001313/g99593e10vk.htm
0,2004-12-31,R,2005-02-24,2005-02-24 17:13:31,FY,5150278000,2840910000,2309368000,0.44839676615514734,0.0,1233038000,0.0,0.0,2732442000,7512418000,0.0,706028000,-1665034000,-0.323290121426455,-2362140000,0.0642920634575454,8922000.0,331122000,0.0642920634575454,115513000,215609000,0.04186356542307037,3.35,3.28,64360896,65734451,https://www.sec.gov/Archives/edgar/data/85961/000095014405001833/g93160e10vk.htm,https://www.sec.gov/Archives/edgar/data/85961/000095014405001833/g93160e10vk.htm
0,2003-12-31,R,2004-02-26,2004-02-26 16:16:18,FY,4802294000,2654308000,2147986000,0.44728331918037506,0.0,1242930000,0.0,0.0,2453440000,6975258000,0.0,624580000,-1536456000,-0.31994209434074633,-2172964000,0.04424447982568331,-11928000,212475000,0.04424447982568331,76916000,131436000,0.02736941969816925,2.09,2.06,62888038,63803883,https://www.sec.gov/Archives/edgar/data/85961/000095014404001726/g87267e10vk.htm,https://www.sec.gov/Archives/edgar/data/85961/000095014404001726/g87267e10vk.htm
0,2002-12-31,R,2003-03-03,2003-03-03 16:48:38,FY,4776265000,2707284000,2068981000,0.433179691662837,0.0,1268704000,0.0,0.0,2363753000,6892232000,0.0,552491000,-1549452000,-0.3244066231668469,-2115967000,0.036824380556773964,-14024000,175883000,0.036824380556773964,63318000,93666000,0.019610720929429167,1.52,1.5,61622368,62444000,https://www.sec.gov/Archives/edgar/data/85961/000095014403002557/g80847e10vk.htm,https://www.sec.gov/Archives/edgar/data/85961/000095014403002557/g80847e10vk.htm
0,2001-12-31,R,,,FY,5006123000,2995937000,2010186000,0.4015454674205967,0.0,1212184000,0.0,0.0,2568913000,7322519000,0.0,545485000,-1653013000,-0.3301982392362313,-2316396000,0.0061336886848365494,-117898000,30706000,0.0061336886848365494,12028000,18678000,0.0037310309794625503,0.31,0.31,60251613,60251613,,
0,2000-12-31,R,,,FY,5336792000,4397930000,938862000,0.1759225392333072,0.0,0.0,0.0,0.0,4045094000,9023380000,0.0,580356000,-3071760000,-0.5755817352446938,-3686588000,0.026480514886096367,-34472000,141321000,0.026480514886096367,52289000,89032000,0.01668268128118915,1.49,1.49,59753020,59753020,,
0,1999-12-31,R,,,FY,4952204000,3984700000,967504000,0.19536836527735935,0.0,0.0,0.0,0.0,4010891000,8562356000,0.0,566765000,-2964565000,-0.5986354762445166,-3610152000,0.02372559773385749,-78822000,117494000,0.02372559773385749,44577000,419678000,0.0847457011060126,6.12,6.11,68574837,68687070,,
0,1998-12-31,R,,,FY,5188724000,4133200000,1055524000,0.20342650717209088,0.0,0.0,0.0,0.0,4135360000,8872841000,0.0,604281000,-3073106000,-0.5922662296163759,-3684117000,0.04952200194113235,-6730000.0,256956000,0.04952200194113235,97885000,159071000,0.030657055568960694,2.18,2.16,72968349,73643981,,
0,1997-12-31,R,,,FY,4893905000,3848800000,1045105000,0.21355236769001443,0.0,0.0,0.0,0.0,3857980000,8299059000,0.0,592279000,-2803208000,-0.5727957530847043,-3405154000,0.05393484344301738,-9667000.0,263952000,0.05393484344301738,103714000,175685000,0.03589873526355743,2.28,2.25,77054825,78082222,,
0,1996-12-31,R,,,FY,5519415000,4641500000,877915000,0.15905942930546083,0.0,0.0,0.0,0.0,4641528000,9996372000,0.0,713344000,-3739172000,-0.6774580277076465,-4476957000,-0.0031929108429063586,-24441000,-17623000,-0.0031929108429063586,13664000,-41318000,-0.007485938274255514,-0.51,-0.51,81015686,81071429,,
0,1995-12-31,R,,,FY,5167421000,4049300000,1118121000,0.2163789248060106,0.0,0.0,0.0,0.0,4049322000,8762695000,0.0,664073000,-2929684000,-0.5669528377889086,-3595274000,0.0511640139249347,-1517000.0,264386000,0.0511640139249347,108961000,147666000,0.028576343982810767,1.86,1.86,79390323,79390323,,
0,1994-12-31,R,,,FY,4685603000,3686100000,999503000,0.21331363327196093,0.0,0.0,0.0,0.0,3686053000,7963822000,0.0,591669000,-2689177000,-0.573923356289468,-3278219000,0.05559988757050053,2627000.0,260519000,0.05559988757050053,106990000,153529000,0.03276611356105073,1.95,1.95,78732821,78732821,,
