,date,symbol,fillingDate,acceptedDate,period,revenue,costOfRevenue,grossProfit,grossProfitRatio,researchAndDevelopmentExpenses,generalAndAdministrativeExpenses,sellingAndMarketingExpenses,otherExpenses,operatingExpenses,costAndExpenses,interestExpense,depreciationAndAmortization,ebitda,ebitdaratio,operatingIncome,operatingIncomeRatio,totalOtherIncomeExpensesNet,incomeBeforeTax,incomeBeforeTaxRatio,incomeTaxExpense,netIncome,netIncomeRatio,eps,epsdiluted,weightedAverageShsOut,weightedAverageShsOutDil,link,finalLink
0,2017-12-31,RVLT,2018-03-08 00:00:00,2018-03-08 07:48:01,FY,152312000,110650000,41662000,0.2735306476180472,3712000.0,47006000,0.0,0.0,0.0,167436000,3853000.0,6068000.0,-7575000.0,-0.04973344188245181,-15124000,-0.35392483848941647,-34930000,-53907000,-0.35392483848941647,0.0,-53907000,-0.35392483848941647,-2.59,-2.59,20847000,20847000,https://www.sec.gov/Archives/edgar/data/917523/000119312518074202/0001193125-18-074202-index.html,https://www.sec.gov/Archives/edgar/data/917523/000119312518074202/d692260d10k.htm
0,2016-12-31,RVLT,2017-03-09 00:00:00,2017-03-09 07:48:03,FY,172121000,116250000,55871000,0.32460304088402925,2372000.0,41549000,0.0,0.0,0.0,166286000,2506000.0,6115000.0,11950000,0.06942790246396431,5835000.0,-0.00303275021641752,-3851000.0,-522000.0,-0.00303275021641752,0.0,-522000.0,-0.00303275021641752,-0.03,-0.03,19034000,19034000,https://www.sec.gov/Archives/edgar/data/917523/000119312517075617/0001193125-17-075617-index.html,https://www.sec.gov/Archives/edgar/data/917523/000119312517075617/d326126d10k.htm
0,2015-12-31,RVLT,2016-03-10 00:00:00,2016-03-10 07:31:35,FY,129656000,86366000,43290000,0.33388350712655024,2475000.0,34898000,0.0,0.0,0.0,128607000,1481000.0,4868000.0,5917000.0,0.045636144875671004,1049000.0,-0.01837169124452397,-1950000.0,-2382000.0,-0.01837169124452397,0.0,-2382000.0,-0.01837169124452397,-0.2,-0.2,14929700,14929700,https://www.sec.gov/Archives/edgar/data/917523/000119312516499179/0001193125-16-499179-index.html,https://www.sec.gov/Archives/edgar/data/917523/000119312516499179/d97395d10k.htm
0,2014-12-31,RVLT,2015-03-16,2015-03-13 17:41:06,FY,76840000,52617000,24223000,0.3152394586153045,2076000.0,25250000,0.0,0.0,0.0,85587000,843000.0,5644000.0,-3103000.0,-0.04038261322228006,-8747000.0,-0.15265486725663716,-2140000.0,-11730000,-0.15265486725663716,-6550000.0,-5180000.0,-0.06741280583029673,-1.4,-1.4,9215800.0,9215800.0,https://www.sec.gov/Archives/edgar/data/917523/000119312515091517/d829524d10k.htm,https://www.sec.gov/Archives/edgar/data/917523/000119312515091517/d829524d10k.htm
0,2013-12-31,RVLT,2014-03-14,2014-03-13 17:47:12,FY,26060000,16108000,9952000.0,0.38188795088257865,1809000.0,13154000,0.0,0.0,0.0,34193000,52000.0,3122000.0,-5011000.0,-0.19228702993092864,-8133000.0,-0.6454719877206446,-8636000.0,-16821000,-0.6454719877206446,0.0,-16821000,-0.6454719877206446,-2.6,-2.647671,7731700.0,7731700.0,https://www.sec.gov/Archives/edgar/data/917523/000119312514098098/d631904d10k.htm,https://www.sec.gov/Archives/edgar/data/917523/000119312514098098/d631904d10k.htm
0,2012-12-31,RVLT,2013-04-16,2013-04-16 16:44:50,FY,4481355.0,4705173.0,-223818.0,-0.04994426908825567,554745.0,5240884.0,0.0,0.0,0.0,10500802,210014.0,0.0,-5525548.0,-1.2330083200282058,-6019447.0,-1.9141893467489186,-2348904.0,-8578162.0,-1.9141893467489186,0.0,-8577479.0,-1.914036937488773,-6.3,-6.3,2206502.0,2206502.0,https://www.sec.gov/Archives/edgar/data/917523/000119312513156923/d444686d10k.htm,https://www.sec.gov/Archives/edgar/data/917523/000119312513156923/d444686d10k.htm
0,2011-12-31,RVLT,2012-03-28 00:00:00,2012-03-28 08:00:12,FY,8987848.0,7075063.0,1912785.0,0.21281901963629113,833876.0,5981212.0,0.0,0.0,0.0,13890151,126731.0,0.0,-4147542.0,-0.4614610749981531,-4902303.0,-0.6035831936632662,-396449.0,-5424914.0,-0.6035831936632662,0.0,-5469070.0,-0.6084960493323874,-3.3,-3.333624,1640578.0,1640578.0,https://www.sec.gov/Archives/edgar/data/917523/000119312512135936/0001193125-12-135936-index.html,https://www.sec.gov/Archives/edgar/data/917523/000119312512135936/d261954d10k.htm
0,2010-12-31,RVLT,2011-03-25,2011-03-25 08:01:04,FY,5422443.0,4059756.0,1362687.0,0.2513049929708805,943606.0,6096585.0,0.0,0.0,0.0,11099947,247688.0,0.0,-4847701.0,-0.894006815747072,-5677504.0,-1.1738760554974943,-441741.0,-6365276.0,-1.1738760554974943,0.0,-8011470.0,-1.4774650466588584,-4.9,-4.93185,1624435.0,1624435.0,https://www.sec.gov/Archives/edgar/data/917523/000119312511077293/d10k.htm,https://www.sec.gov/Archives/edgar/data/917523/000119312511077293/d10k.htm
0,2009-12-31,RVLT,2010-03-30 00:00:00,2010-03-30 08:01:17,FY,11557486,8468721.0,3088765.0,0.2672523245972351,634716.0,8414560.0,0.0,0.0,0.0,17517997,460495.0,0.0,-4389040.0,-0.37975732784794203,-5960511.0,0.0,-736110.0,0.0,0.0,0.0,-7155093.0,-0.619087317086086,-17.1,-17.1,870453.0,870453.0,https://www.sec.gov/Archives/edgar/data/917523/000119312510070709/0001193125-10-070709-index.html,https://www.sec.gov/Archives/edgar/data/917523/000119312510070709/d10k.htm
0,2008-12-31,RVLT,2009-03-27 00:00:00,2009-03-27 09:08:42,FY,14232769,10753118,3479651.0,0.24448166059605128,746836.0,9014274.0,0.0,0.0,0.0,20514228,323208.0,0.0,-1624022.0,-0.11410443041687812,-6281459.0,0.0,-3827633.0,0.0,0.0,0.0,-10369953,-0.7285970143968472,-13.5,-13.5,779070.0,779070.0,https://www.sec.gov/Archives/edgar/data/917523/000119312509065312/0001193125-09-065312-index.html,https://www.sec.gov/Archives/edgar/data/917523/000119312509065312/d10k.htm
0,2007-12-31,RVLT,2008-03-28,2008-03-28 16:31:29,FY,10200349,7453549.0,2746800.0,0.26928490387926923,417661.0,5561273.0,0.0,0.0,0.0,13433608,38940.0,0.0,-2868751.0,-0.28124047520334844,-3233259.0,0.0,35559.0,0.0,0.0,0.0,-2940136.0,-0.2882387651638194,-4.4,-4.4,675194.0,675194.0,https://www.sec.gov/Archives/edgar/data/917523/000119312508069200/d10ksb.htm,https://www.sec.gov/Archives/edgar/data/917523/000119312508069200/d10ksb.htm
0,2006-12-31,RVLT,2007-04-03,2007-04-03 16:58:32,FY,11001011,7064461.0,3936550.0,0.3578352935016609,538298.0,6040523.0,0.0,0.0,0.0,13136322,356320.0,0.0,-2293538.0,-0.20848429294362128,-2135311.0,0.0,725100.0,0.0,0.0,0.0,-2235003.0,-0.20316341834400492,-8.0,-8.0,281018.0,281018.0,https://www.sec.gov/Archives/edgar/data/917523/000119312507073392/d10ksb.htm,https://www.sec.gov/Archives/edgar/data/917523/000119312507073392/d10ksb.htm
0,2005-12-31,RVLT,2006-03-29,2006-03-29 16:47:13,FY,11983223,7110595.0,4872628.0,0.40662082312913644,552209.0,4691905.0,0.0,0.0,0.0,12348709,367992.0,0.0,26999.0,0.002253066641587159,-365486.0,0.0,195480.0,0.0,0.0,0.0,-488458.0,-0.040761821756968054,-1.9,-1.9,254257.0,254257.0,https://www.sec.gov/Archives/edgar/data/917523/000119312506066882/d10ksb.htm,https://www.sec.gov/Archives/edgar/data/917523/000119312506066882/d10ksb.htm
0,2004-12-31,RVLT,2005-03-30,2005-03-30 16:12:22,FY,11894666,7536425.0,4358241.0,0.3664029742407227,418177.0,4087412.0,0.0,0.0,0.0,12042014,390999.0,0.0,333619.0,0.02804778208988802,-147348.0,-0.027928568990503812,173754.0,-332201.0,-0.027928568990503812,0.0,-332201.0,-0.027928568990503812,-1.3,-1.3,254160.0,254160.0,https://www.sec.gov/Archives/edgar/data/917523/000119312505065059/d10ksb.htm,https://www.sec.gov/Archives/edgar/data/917523/000119312505065059/d10ksb.htm
0,2003-12-31,RVLT,2004-03-26,2004-03-26 16:13:28,FY,10550955,6375289.0,4175666.0,0.39576190022609326,397302.0,4075368.0,0.0,0.0,0.0,10847959,407736.0,0.0,157202.0,0.014899314801361583,-297004.0,-0.03926535560051199,259704.0,-414287.0,-0.03926535560051199,0.0,-414287.0,-0.03926535560051199,-1.6,-1.6,254046.0,254046.0,https://www.sec.gov/Archives/edgar/data/917523/000119312504050703/d10ksb.htm,https://www.sec.gov/Archives/edgar/data/917523/000119312504050703/d10ksb.htm
0,2002-12-31,RVLT,2003-03-26,2003-03-26 17:24:25,FY,12417528,7812297.0,4605231.0,0.37086536064182823,560943.0,4920259.0,0.0,0.0,0.0,13293499,421202.0,0.0,-238157.0,-0.019179099092830713,-875971.0,-0.08972752064662146,117365.0,-1114194.0,-0.08972752064662146,-11157.0,-1103037.0,-0.0888290326383802,-4.3,-4.3,254024.0,257906.0,https://www.sec.gov/Archives/edgar/data/917523/000091664103000768/d10ksb.htm,https://www.sec.gov/Archives/edgar/data/917523/000091664103000768/d10ksb.htm
0,2001-12-31,RVLT,,,FY,11785237,7666691.0,4118546.0,0.34946654021467705,456032.0,4350170.0,0.0,0.0,0.0,12472893,431357.0,0.0,10988.0,0.0009323529089826535,-687656.0,0.0,-2306.0,0.0,0.0,0.0,-999233.0,-0.0847868396706829,-3.9,-3.9,256637.0,258830.0,,
0,2000-12-31,RVLT,,,FY,11654167,7259976.0,4394191.0,0.37704891306259813,455447.0,3322547.0,0.0,0.0,0.0,11696267,438792.0,658297.0,581209.0,0.04987134644629685,-42100.0,0.0,34988.0,0.0,0.0,0.0,-259211.0,-0.022241915702769663,-1.0,-1.0,259211.0,259211.0,,
0,1999-12-31,RVLT,,,FY,9809260.0,5720900.0,4088360.0,0.4167857718115332,544256.0,2978481.0,0.0,0.0,0.0,9849860.0,0.0,606223.0,568117.0,0.05791639736330773,-40600.0,0.0,-2494.0,0.0,0.0,0.0,-355741.0,-0.03626583452778293,-1.4,-1.4,254101.0,254101.0,,
0,1998-12-31,RVLT,,,FY,8300000.0,4800000.0,3500000.0,0.42168674698795183,400000.0,3600000.0,0.0,0.0,0.0,9300000.0,400000.0,500000.0,-600000.0,-0.07228915662650602,-1000000.0,-0.1566265060240964,100000.0,-1300000.0,-0.1566265060240964,200000.0,-1500000.0,-0.18072289156626506,-6.8,-6.8,220588.0,220588.0,,
0,1997-12-31,RVLT,,,FY,9100000.0,5100000.0,4000000.0,0.43956043956043955,400000.0,2800000.0,0.0,0.0,0.0,8700000.0,0.0,400000.0,700000.0,0.07692307692307693,400000.0,0.02197802197802198,100000.0,200000.0,0.02197802197802198,100000.0,100000.0,0.01098901098901099,0.4,0.4,250000.0,250000.0,,
0,1996-12-31,RVLT,,,FY,6800000.0,4000000.0,2800000.0,0.4117647058823529,200000.0,2000000.0,0.0,0.0,0.0,6400000.0,0.0,200000.0,500000.0,0.07352941176470588,400000.0,0.07352941176470588,100000.0,500000.0,0.07352941176470588,-200000.0,700000.0,0.10294117647058823,3.5,3.5,201248.0,201248.0,,
