,date,symbol,fillingDate,acceptedDate,period,revenue,costOfRevenue,grossProfit,grossProfitRatio,researchAndDevelopmentExpenses,generalAndAdministrativeExpenses,sellingAndMarketingExpenses,otherExpenses,operatingExpenses,costAndExpenses,interestExpense,depreciationAndAmortization,ebitda,ebitdaratio,operatingIncome,operatingIncomeRatio,totalOtherIncomeExpensesNet,incomeBeforeTax,incomeBeforeTaxRatio,incomeTaxExpense,netIncome,netIncomeRatio,eps,epsdiluted,weightedAverageShsOut,weightedAverageShsOutDil,link,finalLink
0,2019-12-31,ARE.TO,2019-12-31,2019-12-31,FY,3460418000,3092814000,367604000,0.10623109693684404,0.0,183434000,0.0,0.0,0.0,3370375000,22557000,94127000,198721000,0.057426877331004524,90043000,0.025076161319239468,17228000,86774000,0.025076161319239468,13921000,72853000,0.021053236921088726,1.2,1.12,60711928,73850145,https://www.sedar.com/ModifyCompanyDocumentSearchForm.do?lang=EN&company_search=Aecon Group Inc&document_selection=0&industry_group=A&FromDate=13&FromMonth=05&FromYear=2000&ToDate=13&ToMonth=11&ToYear=2020&Variable=Issuer,https://www.sedar.com/ModifyCompanyDocumentSearchForm.do?lang=EN&company_search=Aecon Group Inc&document_selection=0&industry_group=A&FromDate=13&FromMonth=05&FromYear=2000&ToDate=13&ToMonth=11&ToYear=2020&Variable=Issuer
0,2018-12-31,ARE.TO,2018-12-31,2018-12-31,FY,3266291000,2909171000,357120000,0.10933502250718016,0.0,178522000,0.0,0.0,0.0,3191525000,23651000,103832000,193004000,0.059089652452889226,74766000,0.02052082928312266,14656000,67027000,0.02052082928312266,8013000.0,59014000,0.018067587976698954,0.99,0.94,59802209,73925458,https://www.sedar.com/ModifyCompanyDocumentSearchForm.do?lang=EN&company_search=Aecon Group Inc&document_selection=0&industry_group=A&FromDate=13&FromMonth=05&FromYear=2000&ToDate=13&ToMonth=11&ToYear=2020&Variable=Issuer,https://www.sedar.com/ModifyCompanyDocumentSearchForm.do?lang=EN&company_search=Aecon Group Inc&document_selection=0&industry_group=A&FromDate=13&FromMonth=05&FromYear=2000&ToDate=13&ToMonth=11&ToYear=2020&Variable=Issuer
0,2017-12-31,ARE.TO,2017-12-31,2017-12-31,FY,2805728000,2486705000,319023000,0.11370417945003934,0.0,186538000,0.0,0.0,0.0,2766791000,23704000,93548000,141797000,0.05053839859031239,38937000,0.010986809840440698,14698000,30826000,0.010986809840440698,2650000.0,28176000,0.010042313438793781,0.48,0.46,58637456,72231991,https://www.sedar.com/ModifyCompanyDocumentSearchForm.do?lang=EN&company_search=Aecon Group Inc&document_selection=0&industry_group=A&FromDate=13&FromMonth=05&FromYear=2000&ToDate=13&ToMonth=11&ToYear=2020&Variable=Issuer,https://www.sedar.com/ModifyCompanyDocumentSearchForm.do?lang=EN&company_search=Aecon Group Inc&document_selection=0&industry_group=A&FromDate=13&FromMonth=05&FromYear=2000&ToDate=13&ToMonth=11&ToYear=2020&Variable=Issuer
0,2016-12-31,ARE.TO,2016-12-31,2016-12-31,FY,3213133000,2900665000,312468000,0.09724714165271092,0.0,185066000,0.0,0.0,0.0,3149793000,21869000,64062000,140085000,0.043597635080776305,63340000,0.020388822996122477,23759000,65512000,0.020388822996122477,18755000,46757000,0.014551840835720153,0.82,0.77,57361614,72347807,https://www.sedar.com/ModifyCompanyDocumentSearchForm.do?lang=EN&company_search=Aecon Group Inc&document_selection=0&industry_group=A&FromDate=13&FromMonth=05&FromYear=2000&ToDate=13&ToMonth=11&ToYear=2020&Variable=Issuer,https://www.sedar.com/ModifyCompanyDocumentSearchForm.do?lang=EN&company_search=Aecon Group Inc&document_selection=0&industry_group=A&FromDate=13&FromMonth=05&FromYear=2000&ToDate=13&ToMonth=11&ToYear=2020&Variable=Issuer
0,2015-12-31,ARE.TO,2015-12-31,2015-12-31,FY,2918083000,2620007000,298076000,0.1021478827024454,0.0,173210000,0.0,0.0,0.0,2861263000,30079000,68046000,148430000,0.05086558538602226,56820000,0.0390139691023182,85817000,113846000,0.0390139691023182,45169000,68677000,0.02353497141787948,1.22,1.03,56358115,80711876,https://www.sedar.com/ModifyCompanyDocumentSearchForm.do?lang=EN&company_search=Aecon Group Inc&document_selection=0&industry_group=A&FromDate=13&FromMonth=05&FromYear=2000&ToDate=13&ToMonth=11&ToYear=2020&Variable=Issuer,https://www.sedar.com/ModifyCompanyDocumentSearchForm.do?lang=EN&company_search=Aecon Group Inc&document_selection=0&industry_group=A&FromDate=13&FromMonth=05&FromYear=2000&ToDate=13&ToMonth=11&ToYear=2020&Variable=Issuer
0,2014-12-31,ARE.TO,2014-12-31,2014-12-31,FY,2614078000,2356799000,257279000,0.09842055210288293,0.0,153156000,0.0,0.0,0.0,2573540000,42344000,63585000,151193000,0.05783798341135957,40538000,0.013556978789462288,23170000,35439000,0.013556978789462288,5397000.0,30042000,0.011492388520924011,0.55,0.51,54133293,84344455,https://www.sedar.com/ModifyCompanyDocumentSearchForm.do?lang=EN&company_search=Aecon Group Inc&document_selection=0&industry_group=A&FromDate=13&FromMonth=05&FromYear=2000&ToDate=13&ToMonth=11&ToYear=2020&Variable=Issuer,https://www.sedar.com/ModifyCompanyDocumentSearchForm.do?lang=EN&company_search=Aecon Group Inc&document_selection=0&industry_group=A&FromDate=13&FromMonth=05&FromYear=2000&ToDate=13&ToMonth=11&ToYear=2020&Variable=Issuer
0,2013-12-31,ARE.TO,2013-12-31,2013-12-31,FY,3068608000,2798134000,270474000,0.08814224560452166,0.0,148004000,0.0,0.0,0.0,3009162000,40289000,63024000,152525000,0.049704947650530795,59446000,0.016023552047051953,37810000,49170000,0.016023552047051953,8572000.0,40598000,0.013230103030429433,0.77,0.72,52669297,78860194,https://www.sedar.com/ModifyCompanyDocumentSearchForm.do?lang=EN&company_search=Aecon Group Inc&document_selection=0&industry_group=A&FromDate=13&FromMonth=05&FromYear=2000&ToDate=13&ToMonth=11&ToYear=2020&Variable=Issuer,https://www.sedar.com/ModifyCompanyDocumentSearchForm.do?lang=EN&company_search=Aecon Group Inc&document_selection=0&industry_group=A&FromDate=13&FromMonth=05&FromYear=2000&ToDate=13&ToMonth=11&ToYear=2020&Variable=Issuer
0,2012-12-31,ARE.TO,2012-12-31,2012-12-31,FY,2946796000,2631791000,315005000,0.10689745744191319,0.0,157191000,0.0,0.0,-14440000,2852544000,29107000,63562000,178481000,0.06056781670668753,94252000,0.029484226257942524,15512000,86884000,0.029484226257942524,5943000.0,77978000,0.026461960719371142,1.47,1.18,52976520,78965158,https://www.sedar.com/ModifyCompanyDocumentSearchForm.do?lang=EN&company_search=Aecon Group Inc&document_selection=0&industry_group=A&FromDate=13&FromMonth=05&FromYear=2000&ToDate=13&ToMonth=11&ToYear=2020&Variable=Issuer,https://www.sedar.com/ModifyCompanyDocumentSearchForm.do?lang=EN&company_search=Aecon Group Inc&document_selection=0&industry_group=A&FromDate=13&FromMonth=05&FromYear=2000&ToDate=13&ToMonth=11&ToYear=2020&Variable=Issuer
0,2011-12-31,ARE.TO,2011-12-31,2011-12-31,FY,2896167000,2622034000,274133000,0.09465372680511863,0.0,138832000,0.0,0.0,0.0,2825914000,36923000,62548000,138480000,0.04781492227485501,70253000,0.025398051976975086,34548000,73557000,0.025398051976975086,11414000,57553000,0.019872127539606658,1.07,0.84,53905613,86333245,https://www.sedar.com/ModifyCompanyDocumentSearchForm.do?lang=EN&company_search=Aecon Group Inc&document_selection=0&industry_group=A&FromDate=13&FromMonth=05&FromYear=2000&ToDate=13&ToMonth=11&ToYear=2020&Variable=Issuer,https://www.sedar.com/ModifyCompanyDocumentSearchForm.do?lang=EN&company_search=Aecon Group Inc&document_selection=0&industry_group=A&FromDate=13&FromMonth=05&FromYear=2000&ToDate=13&ToMonth=11&ToYear=2020&Variable=Issuer
0,2010-12-31,ARE.TO,2010-12-31,2010-12-31,FY,2746243000,2585663000,160580000,0.05847261149140844,0.0,118206000,0.0,0.0,-59820000,2684369000,37359000,40320000,113492000,0.041326277390602364,61874000,0.013040725092426271,0.0,35813000,0.013040725092426271,3684000.0,27308000,0.009943766811604072,0.5,0.49,54758958,73964062,https://www.sedar.com/ModifyCompanyDocumentSearchForm.do?lang=EN&company_search=Aecon Group Inc&document_selection=0&industry_group=A&FromDate=13&FromMonth=05&FromYear=2000&ToDate=13&ToMonth=11&ToYear=2020&Variable=Issuer,https://www.sedar.com/ModifyCompanyDocumentSearchForm.do?lang=EN&company_search=Aecon Group Inc&document_selection=0&industry_group=A&FromDate=13&FromMonth=05&FromYear=2000&ToDate=13&ToMonth=11&ToYear=2020&Variable=Issuer
0,2009-12-31,ARE.TO,2009-12-31,2009-12-31,FY,2260986000,2017306000,243680000,0.10777598799815656,0.0,115509000,0.0,0.0,3503000.0,2184749000,17809000,48431000,136373000,0.06031572066346275,76237000,0.031018767918067604,0.0,70133000,0.031018767918067604,22306000,44386000,0.01963125822097085,0.82,0.8,53861298,58510761,https://www.sedar.com/ModifyCompanyDocumentSearchForm.do?lang=EN&company_search=Aecon Group Inc&document_selection=0&industry_group=A&FromDate=13&FromMonth=05&FromYear=2000&ToDate=13&ToMonth=11&ToYear=2020&Variable=Issuer,https://www.sedar.com/ModifyCompanyDocumentSearchForm.do?lang=EN&company_search=Aecon Group Inc&document_selection=0&industry_group=A&FromDate=13&FromMonth=05&FromYear=2000&ToDate=13&ToMonth=11&ToYear=2020&Variable=Issuer
0,2008-12-31,ARE.TO,2008-12-31,2008-12-31,FY,1876986000,1665924000,211062000,0.11244729582426294,0.0,96010000,0.0,0.0,0.0,1789427000,9275000.0,27493000,115052000,0.061296141793279225,87559000,0.046856502925434716,1585000.0,87949000,0.046856502925434716,26819000,59342000,0.03161557944491861,1.23,1.2,48065421,49805700,https://www.sedar.com/ModifyCompanyDocumentSearchForm.do?lang=EN&company_search=Aecon Group Inc&document_selection=0&industry_group=A&FromDate=13&FromMonth=05&FromYear=2000&ToDate=13&ToMonth=11&ToYear=2020&Variable=Issuer,https://www.sedar.com/ModifyCompanyDocumentSearchForm.do?lang=EN&company_search=Aecon Group Inc&document_selection=0&industry_group=A&FromDate=13&FromMonth=05&FromYear=2000&ToDate=13&ToMonth=11&ToYear=2020&Variable=Issuer
0,2007-12-31,ARE.TO,2007-12-31,2007-12-31,FY,1492747000,1350311000,142436000,0.09541871462478237,0.0,71896000,0.0,0.0,0.0,1444122000,11234000,21915000,70540000,0.04725516112241391,48625000,0.03319852593909082,6194000.0,49557000,0.03319852593909082,430000.0,49127000,0.03291046640857426,1.28,1.16,37673208,46922459,https://www.sedar.com/ModifyCompanyDocumentSearchForm.do?lang=EN&company_search=Aecon Group Inc&document_selection=0&industry_group=A&FromDate=13&FromMonth=05&FromYear=2000&ToDate=13&ToMonth=11&ToYear=2020&Variable=Issuer,https://www.sedar.com/ModifyCompanyDocumentSearchForm.do?lang=EN&company_search=Aecon Group Inc&document_selection=0&industry_group=A&FromDate=13&FromMonth=05&FromYear=2000&ToDate=13&ToMonth=11&ToYear=2020&Variable=Issuer
0,2006-12-31,ARE.TO,2006-12-31,2006-12-31,FY,1113306000,1016744000,96562000,0.08673446473835585,0.0,62458000,0.0,0.0,0.0,1093815000,9660000.0,14613000,34784000,0.031243880837793024,19491000,0.010986197864737996,256000.0,12231000,0.010986197864737996,729000.0,11502000,0.010331391369488713,0.33,0.31,35157471,37116872,https://www.sedar.com/ModifyCompanyDocumentSearchForm.do?lang=EN&company_search=Aecon Group Inc&document_selection=0&industry_group=A&FromDate=13&FromMonth=05&FromYear=2000&ToDate=13&ToMonth=11&ToYear=2020&Variable=Issuer,https://www.sedar.com/ModifyCompanyDocumentSearchForm.do?lang=EN&company_search=Aecon Group Inc&document_selection=0&industry_group=A&FromDate=13&FromMonth=05&FromYear=2000&ToDate=13&ToMonth=11&ToYear=2020&Variable=Issuer
0,2005-12-31,ARE.TO,2005-12-31,2005-12-31,FY,1120244000,1053413000,66831000,0.05965753889331253,0.0,49648000,0.0,0.0,0.0,1110687000,9307000.0,7626000.0,17183000,0.015338622657206823,9557000.0,-0.001889766872217124,-2367000.0,-2117000.0,-0.001889766872217124,2467000.0,-1140000.0,-0.0010176354437069067,-0.04,-0.04,29444844,33136178,https://www.sedar.com/ModifyCompanyDocumentSearchForm.do?lang=EN&company_search=Aecon Group Inc&document_selection=0&industry_group=A&FromDate=13&FromMonth=05&FromYear=2000&ToDate=13&ToMonth=11&ToYear=2020&Variable=Issuer,https://www.sedar.com/ModifyCompanyDocumentSearchForm.do?lang=EN&company_search=Aecon Group Inc&document_selection=0&industry_group=A&FromDate=13&FromMonth=05&FromYear=2000&ToDate=13&ToMonth=11&ToYear=2020&Variable=Issuer
0,2004-12-31,ARE.TO,2004-12-31,2004-12-31,FY,1002480000,971642000,30838000,0.03076171095682707,0.0,49089000,0.0,0.0,0.0,1028664000,4309000.0,7933000.0,-18251000,-0.018205849493256723,-26184000,-0.03131733301412497,-902000.0,-31395000,-0.03131733301412497,23285000,-41626000,-0.04152302290320006,-1.51,-1.51,27567476,31530935,https://www.sedar.com/ModifyCompanyDocumentSearchForm.do?lang=EN&company_search=Aecon Group Inc&document_selection=0&industry_group=A&FromDate=13&FromMonth=05&FromYear=2000&ToDate=13&ToMonth=11&ToYear=2020&Variable=Issuer,https://www.sedar.com/ModifyCompanyDocumentSearchForm.do?lang=EN&company_search=Aecon Group Inc&document_selection=0&industry_group=A&FromDate=13&FromMonth=05&FromYear=2000&ToDate=13&ToMonth=11&ToYear=2020&Variable=Issuer
0,2003-12-31,ARE.TO,2003-12-31,2003-12-31,FY,972486000,929044000,43442000,0.04467108009781118,0.0,51439000,0.0,0.0,0.0,989353000,3068000.0,8870000.0,-7997000.0,-0.008223254627830117,-16867000,-0.017438811458468297,2976000.0,-16959000,-0.017438811458468297,-3087000.0,-13872000,-0.014264472701920645,-0.59,-0.59,23707556,27412803,https://www.sedar.com/ModifyCompanyDocumentSearchForm.do?lang=EN&company_search=Aecon Group Inc&document_selection=0&industry_group=A&FromDate=13&FromMonth=05&FromYear=2000&ToDate=13&ToMonth=11&ToYear=2020&Variable=Issuer,https://www.sedar.com/ModifyCompanyDocumentSearchForm.do?lang=EN&company_search=Aecon Group Inc&document_selection=0&industry_group=A&FromDate=13&FromMonth=05&FromYear=2000&ToDate=13&ToMonth=11&ToYear=2020&Variable=Issuer
0,2002-12-31,ARE.TO,2002-12-31,2002-12-31,FY,1072964000,1005138000,67826000,0.06321367725291809,0.0,56096000,0.0,0.0,0.0,1071058000,2926000.0,9824000.0,11730000,0.010932333237648235,1906000.0,0.0008602338941474272,1943000.0,923000.0,0.0008602338941474272,693000.0,230000.0,0.0002143594752480046,0.01,0.01,22688629,25361200,https://www.sedar.com/ModifyCompanyDocumentSearchForm.do?lang=EN&company_search=Aecon Group Inc&document_selection=0&industry_group=A&FromDate=13&FromMonth=05&FromYear=2000&ToDate=13&ToMonth=11&ToYear=2020&Variable=Issuer,https://www.sedar.com/ModifyCompanyDocumentSearchForm.do?lang=EN&company_search=Aecon Group Inc&document_selection=0&industry_group=A&FromDate=13&FromMonth=05&FromYear=2000&ToDate=13&ToMonth=11&ToYear=2020&Variable=Issuer
0,2001-12-31,ARE.TO,2001-12-31,2001-12-31,FY,1138864000,1021524000,117340000,0.10303249553941471,0.0,63587000,0.0,0.0,0.0,1095619000,5578000.0,10508000,53753000,0.047198787563747735,43245000,0.021355491085853974,-13346000,24321000,0.021355491085853974,11935000,12386000,0.01087574987004594,0.69,0.61,17974070,20995070,https://www.sedar.com/ModifyCompanyDocumentSearchForm.do?lang=EN&company_search=Aecon Group Inc&document_selection=0&industry_group=A&FromDate=13&FromMonth=05&FromYear=2000&ToDate=13&ToMonth=11&ToYear=2020&Variable=Issuer,https://www.sedar.com/ModifyCompanyDocumentSearchForm.do?lang=EN&company_search=Aecon Group Inc&document_selection=0&industry_group=A&FromDate=13&FromMonth=05&FromYear=2000&ToDate=13&ToMonth=11&ToYear=2020&Variable=Issuer
0,2000-12-31,ARE.TO,2000-12-31,2000-12-31,FY,1006330000,935791000,70539000,0.0700952967714368,0.0,41123000,0.0,0.0,0.0,988279000,1319000.0,11365000,29416000,0.029230967972732603,18051000,0.01655421183905876,-73000.0,16659000,0.01655421183905876,6037000.0,16653000,0.016548249580157603,0.66,0.64,16098589,16781005,https://www.sedar.com/ModifyCompanyDocumentSearchForm.do?lang=EN&company_search=Aecon Group Inc&document_selection=0&industry_group=A&FromDate=13&FromMonth=05&FromYear=2000&ToDate=13&ToMonth=11&ToYear=2020&Variable=Issuer,https://www.sedar.com/ModifyCompanyDocumentSearchForm.do?lang=EN&company_search=Aecon Group Inc&document_selection=0&industry_group=A&FromDate=13&FromMonth=05&FromYear=2000&ToDate=13&ToMonth=11&ToYear=2020&Variable=Issuer
0,1999-12-31,ARE.TO,1999-12-31,1999-12-31,FY,213100000,184300000,28800000,0.1351478179258564,0.0,14000000,0.0,0.0,0.0,203300000,0.0,5000000.0,14800000,0.06945096198967621,9800000.0,0.044580009385265136,1400000.0,9500000.0,0.044580009385265136,3400000.0,6100000.0,0.028625058657907085,0.65,0.63,9278943.0,9631323.0,https://www.sedar.com/ModifyCompanyDocumentSearchForm.do?lang=EN&company_search=Aecon Group Inc&document_selection=0&industry_group=A&FromDate=13&FromMonth=05&FromYear=2000&ToDate=13&ToMonth=11&ToYear=2020&Variable=Issuer,https://www.sedar.com/ModifyCompanyDocumentSearchForm.do?lang=EN&company_search=Aecon Group Inc&document_selection=0&industry_group=A&FromDate=13&FromMonth=05&FromYear=2000&ToDate=13&ToMonth=11&ToYear=2020&Variable=Issuer
0,1998-12-31,ARE.TO,1998-12-31,1998-12-31,FY,151600000,133600000,18000000,0.11873350923482849,0.0,8900000.0,0.0,0.0,0.0,146600000,1100000.0,4100000.0,9100000.0,0.060026385224274406,5000000.0,0.036939313984168866,1800000.0,5600000.0,0.036939313984168866,600000.0,5000000.0,0.032981530343007916,0.55,0.51,9161364.0,9908819.0,https://www.sedar.com/ModifyCompanyDocumentSearchForm.do?lang=EN&company_search=Aecon Group Inc&document_selection=0&industry_group=A&FromDate=13&FromMonth=05&FromYear=2000&ToDate=13&ToMonth=11&ToYear=2020&Variable=Issuer,https://www.sedar.com/ModifyCompanyDocumentSearchForm.do?lang=EN&company_search=Aecon Group Inc&document_selection=0&industry_group=A&FromDate=13&FromMonth=05&FromYear=2000&ToDate=13&ToMonth=11&ToYear=2020&Variable=Issuer
0,1997-12-31,ARE.TO,1997-12-31,1997-12-31,FY,192100000,171300000,20800000,0.10827693909422176,0.0,9500000.0,0.0,0.0,0.0,184200000,0.0,3400000.0,11300000,0.058823529411764705,7900000.0,0.0400832899531494,300000.0,7700000.0,0.0400832899531494,-300000.0,8000000.0,0.041644976574700676,0.98,0.8,8163265.0,10000000,https://www.sedar.com/ModifyCompanyDocumentSearchForm.do?lang=EN&company_search=Aecon Group Inc&document_selection=0&industry_group=A&FromDate=13&FromMonth=05&FromYear=2000&ToDate=13&ToMonth=11&ToYear=2020&Variable=Issuer,https://www.sedar.com/ModifyCompanyDocumentSearchForm.do?lang=EN&company_search=Aecon Group Inc&document_selection=0&industry_group=A&FromDate=13&FromMonth=05&FromYear=2000&ToDate=13&ToMonth=11&ToYear=2020&Variable=Issuer
0,1996-12-31,ARE.TO,1996-12-31,1996-12-31,FY,206000000,190300000,15700000,0.0762135922330097,0.0,0.0,0.0,0.0,0.0,194200000,1300000.0,3900000.0,15700000,0.0762135922330097,11800000,0.0470873786407767,-700000.0,9700000.0,0.0470873786407767,700000.0,9000000.0,0.043689320388349516,1.16,0.9,7758621.0,10000000,https://www.sedar.com/ModifyCompanyDocumentSearchForm.do?lang=EN&company_search=Aecon Group Inc&document_selection=0&industry_group=A&FromDate=13&FromMonth=05&FromYear=2000&ToDate=13&ToMonth=11&ToYear=2020&Variable=Issuer,https://www.sedar.com/ModifyCompanyDocumentSearchForm.do?lang=EN&company_search=Aecon Group Inc&document_selection=0&industry_group=A&FromDate=13&FromMonth=05&FromYear=2000&ToDate=13&ToMonth=11&ToYear=2020&Variable=Issuer
