,date,symbol,fillingDate,acceptedDate,period,revenue,costOfRevenue,grossProfit,grossProfitRatio,researchAndDevelopmentExpenses,generalAndAdministrativeExpenses,sellingAndMarketingExpenses,otherExpenses,operatingExpenses,costAndExpenses,interestExpense,depreciationAndAmortization,ebitda,ebitdaratio,operatingIncome,operatingIncomeRatio,totalOtherIncomeExpensesNet,incomeBeforeTax,incomeBeforeTaxRatio,incomeTaxExpense,netIncome,netIncomeRatio,eps,epsdiluted,weightedAverageShsOut,weightedAverageShsOutDil,link,finalLink
0,2019-12-31,AAL,2020-02-19,2020-02-19 07:31:30,FY,45768000000,35379000000,10389000000,0.2269926586261143,0.0,1602000000,1602000000,159000000,5100000000,42081000000,1095000000,0.0,6291000000,0.13745411641321448,3687000000,0.04929208180388044,-463000000,2256000000,0.04929208180388044,570000000,1686000000,0.036837965390665965,3.8,3.79,443363000,444269000,https://www.sec.gov/Archives/edgar/data/6201/000000620120000023/0000006201-20-000023-index.htm,https://www.sec.gov/Archives/edgar/data/6201/000000620120000023/a10k123119.htm
0,2018-12-31,AAL,2019-02-25,2019-02-25 07:31:34,FY,44541000000,34490000000,10051000000,0.22565725960351138,0.0,1520000000,1520000000,166000000,5132000000,41142000000,1056000000,0.0,5842000000,0.1311600547809883,3399000000,0.042298107361756584,-577000000,1884000000,0.042298107361756584,472000000,1412000000,0.03170112929660313,3.04,3.03,464236000,465660000,https://www.sec.gov/Archives/edgar/data/6201/000000620119000009/0000006201-19-000009-index.htm,https://www.sec.gov/Archives/edgar/data/6201/000000620119000009/a10k123118.htm
0,2017-12-31,AAL,2018-02-21,2018-02-21 08:02:40,FY,42207000000,31154000000,11053000000,0.2618759921340062,0.0,1477000000,1477000000,-15000000,4863000000,37617000000,1053000000,0.0,6686000000,0.15840974245978157,4590000000,0.07306844836164617,-547000000,3084000000,0.07306844836164617,1165000000,1919000000,0.04546639183073898,3.92,3.9,489164000,491692000,https://www.sec.gov/Archives/edgar/data/6201/000000620118000009/0000006201-18-000009-index.htm,https://www.sec.gov/Archives/edgar/data/6201/000000620118000009/a10k123117.htm
0,2016-12-31,AAL,2017-02-22,2017-02-22 08:01:43,FY,40180000000,28339000000,11841000000,0.2946988551518168,0.0,1323000000,1323000000,-57000000,4525000000,34187000000,991000000,0.0,7817000000,0.19454952712792434,5993000000,0.10699352911896466,-766000000,4299000000,0.10699352911896466,1623000000,2676000000,0.06660029865604779,4.85,4.81,552308000,556099000,https://www.sec.gov/Archives/edgar/data/6201/000119312517051216/0001193125-17-051216-index.htm,https://www.sec.gov/Archives/edgar/data/6201/000119312517051216/d286458d10k.htm
0,2015-12-31,AAL,2016-02-24,2016-02-24 08:04:10,FY,40990000000,27967000000,13023000000,0.3177116369846304,0.0,1394000000,1394000000,-747000000,4374000000,33735000000,880000000,0.0,8156000000,0.19897535984386436,7255000000,0.11261283239814589,-1798000000,4616000000,0.11261283239814589,-2994000000,7610000000,0.185655037814101,11.39,11.07,668393000,687355000,https://www.sec.gov/Archives/edgar/data/6201/000119312516474605/0001193125-16-474605-index.htm,https://www.sec.gov/Archives/edgar/data/6201/000119312516474605/d78287d10k.htm
0,2014-12-31,AAL,2015-02-25,2015-02-25 08:02:34,FY,42650000000,31939000000,10711000000,0.251137162954279,0.0,1544000000,1544000000,-181000000,4118000000,37601000000,887000000,0.0,6412000000,0.15033997655334114,5049000000,0.07531066822977725,-981000000,3212000000,0.07531066822977725,330000000,2882000000,0.06757327080890974,4.02,3.93,717456000,734016000,https://www.sec.gov/Archives/edgar/data/6201/000119312515061145/0001193125-15-061145-index.htm,https://www.sec.gov/Archives/edgar/data/6201/000119312515061145/d829913d10k.htm
0,2013-12-31,AAL,2014-02-28,2014-02-28 07:52:16,FY,26743000000,20658000000,6085000000,0.22753617769135848,0.0,1158000000,1158000000,-88000000,2969000000,24785000000,856000000,0.0,2910000000,0.10881352129529223,1958000000,-0.0815166585648581,-3302000000,-2180000000,-0.0815166585648581,-346000000,-1834000000,-0.0685786934898852,-17.03,-17.03,107645000,107645000,https://www.sec.gov/Archives/edgar/data/6201/000000620114000004/0000006201-14-000004-index.htm,https://www.sec.gov/Archives/edgar/data/6201/000000620114000004/aagaa10k-20131231.htm
0,2012-12-31,AAL,2013-02-20,2013-02-20 16:01:06,FY,24855000000,20419000000,4436000000,0.17847515590424462,0.0,0.0,0.0,242000000,3942000000,24361000000,612000000,0.0,1777000000,0.07149466908066787,494000000,-0.09837054918527459,-2353000000,-2445000000,-0.09837054918527459,-569000000,-1876000000,-0.07547777107221887,-14.993307,-14.993307,125122500,125122500,https://www.sec.gov/Archives/edgar/data/6201/000000620113000023/0000006201-13-000023-index.htm,https://www.sec.gov/Archives/edgar/data/6201/000000620113000023/amr-10kx20121231.htm
0,2011-12-31,AAL,2012-02-15,2012-02-15 16:50:27,FY,23979000000,11682000000,12297000000,0.5128237207556612,0.0,8633000000,1062000000,0.0,2907000000,24308000000,786000000,1086000000,783000000,0.03265357187539097,-329000000,-0.08253054756245047,-890000000,-1979000000,-0.08253054756245047,0.0,-1979000000,-0.08253054756245047,-15.823293,-15.823293,125122500,125122500,https://www.sec.gov/Archives/edgar/data/6201/000119312512063516/0001193125-12-063516-index.htm,https://www.sec.gov/Archives/edgar/data/6201/000119312512063516/d259681d10k.htm
0,2010-12-31,AAL,2011-02-16,2011-02-16 16:29:46,FY,22170000000,6221000000,15949000000,0.7193955796120884,0.0,7823000000,976000000,0.0,2729000000,17866000000,823000000,1093000000,1458000000,0.06576454668470906,4304000000,-0.022823635543527288,-48000000,-506000000,-0.022823635543527288,-35000000,-471000000,-0.02124492557510149,-3.7751,-3.7751,124375500,124375500,https://www.sec.gov/Archives/edgar/data/6201/000095012311014726/0000950123-11-014726-index.htm,https://www.sec.gov/Archives/edgar/data/6201/000095012311014726/d78201e10vk.htm
0,2009-12-31,AAL,2010-02-17,2010-02-17 16:02:35,FY,19917000000,5462000000,14455000000,0.7257619119345283,0.0,7660000000,853000000,0.0,2808000000,17034000000,702000000,1104000000,305000000,0.01531355123763619,2883000000,-0.08796505497815936,-251000000,-1752000000,-0.08796505497815936,-284000000,-1468000000,-0.07370587939950796,-13.360107,-13.360107,109809000,109809000,https://www.sec.gov/Archives/edgar/data/6201/000000620110000006/0000006201-10-000006-index.htm,https://www.sec.gov/Archives/edgar/data/6201/000000620110000006/ar123109.htm
0,2008-12-31,AAL,2009-02-19,2009-02-19 16:07:27,FY,23766000000,8979000000,14787000000,0.622191365816713,0.0,7652000000,997000000,0.0,3024000000,20862000000,723000000,1207000000,712000000,0.029958764621728518,2904000000,-0.08714129428595473,-853000000,-2071000000,-0.08714129428595473,0.0,-2071000000,-0.08714129428595473,-21.365462,-21.365462,96736500,96736500,https://www.sec.gov/Archives/edgar/data/6201/000000620109000009/0000006201-09-000009-index.htm,https://www.sec.gov/Archives/edgar/data/6201/000000620109000009/ar120810k.htm
0,2008-02-20,AAL,2008-02-20,2008-02-20 17:20:44,FY,22935000000,7204000000,15731000000,0.6858949204272945,0.0,0.0,0.0,21970000000,21970000000,29174000000,914000000,1036000000,2001000000,0.08724656638325703,965000000,0.0420754305646392,0.0,504000000,0.02197514715500327,0.0,504000000,0.02197514715500327,2.06,1.78,283146067,283146067,https://www.sec.gov/Archives/edgar/data/6201/000000451508000014/0000004515-08-000014-index.htm,https://www.sec.gov/Archives/edgar/data/6201/000000451508000014/ar022010k.htm
0,2007-12-31,AAL,,,FY,22935000000,6392000000,16543000000,0.721299324177022,0.0,7798000000,1028000000,0.0,2840000000,18232000000,914000000,1202000000,2524000000,0.11005014170481796,4703000000,0.02197514715500327,96000000,504000000,0.02197514715500327,0.0,504000000,0.02197514715500327,5.515395,4.76573,91507500,111676500,,
0,2006-12-31,AAL,2007-02-23,2007-02-22 17:48:29,FY,22563000000,14346000000,8217000000,0.36418029517351413,0.0,8702000000,-1076000000,0.0,13533000000,37738000000,0.0,1157000000,-13940000000,-0.617825643753047,-15175000000,0.010238000265922085,-78000000,231000000,0.010238000265922085,0.0,231000000,0.010238000265922085,3.025435,2.623829,76352655,88039286,https://www.sec.gov/Archives/edgar/data/6201/000095013407003888/0000950134-07-003888-index.htm,https://www.sec.gov/Archives/edgar/data/6201/000095013407003888/d43815e10vk.htm
0,2005-12-31,AAL,2006-02-24,2006-02-24 14:07:30,FY,20712000000,13626000000,7086000000,0.3421205098493627,0.0,8608000000,-1113000000,0.0,12886000000,36284000000,0.0,1164000000,-14448000000,-0.697566628041715,-15572000000,-0.04157010428736964,40000000,-861000000,-0.04157010428736964,0.0,-861000000,-0.04157010428736964,-13.94913,-13.94913,61724280,61724280,https://www.sec.gov/Archives/edgar/data/6201/000095013406003715/0000950134-06-003715-index.htm,https://www.sec.gov/Archives/edgar/data/6201/000095013406003715/d33303e10vk.htm
0,2004-12-31,AAL,2005-02-25,2005-02-24 18:29:35,FY,18645000000,11456000000,7189000000,0.38557253955484044,0.0,8515000000,-1107000000,0.0,10767000000,32030000000,0.0,1292000000,-12270000000,-0.6580852775543041,-13385000000,-0.040815231965674444,177000000,-761000000,-0.040815231965674444,0.0,-761000000,-0.040815231965674444,-12.690763,-12.690763,59964873,59964873,https://www.sec.gov/Archives/edgar/data/6201/000095013405003726/0000950134-05-003726-index.htm,https://www.sec.gov/Archives/edgar/data/6201/000095013405003726/d22731e10vk.htm
0,2003-12-31,AAL,2004-02-27,2004-02-27 16:42:37,FY,17440000000,10391000000,7049000000,0.40418577981651377,0.0,9124000000,-1063000000,0.0,9594000000,30486000000,0.0,1377000000,-11804000000,-0.6768348623853211,-13046000000,-0.075,135000000,-1308000000,-0.075,-80000000,-1228000000,-0.07041284403669724,-20.776439,-20.776439,59105412,59105412,https://www.sec.gov/Archives/edgar/data/6201/000095013404002668/0000950134-04-002668-index.htm,https://www.sec.gov/Archives/edgar/data/6201/000095013404002668/d12953e10vk.htm
0,2002-12-31,AAL,,,FY,17299000000,11076000000,6223000000,0.3597317764032603,0.0,10430000000,-1125000000,0.0,10161000000,33033000000,0.0,1366000000,-13742000000,-0.7943811781027805,-15734000000,-0.22313428521879877,-626000000,-3860000000,-0.22313428521879877,-1337000000,-3511000000,-0.2029597086536794,-60.42838,-60.42838,58101839,58101839,,
0,2001-12-31,AAL,,,FY,18963000000,12578000000,6385000000,0.3367083267415493,0.0,10893000000,-835000000,0.0,10552000000,35427000000,0.0,1404000000,-14592000000,-0.7694984970732479,-16464000000,-0.1453356536413015,-468000000,-2756000000,-0.1453356536413015,-994000000,-1762000000,-0.09291778726994673,-30.60241,-30.60241,57577165,57577165,,
0,2000-12-31,AAL,,,FY,19703000000,10906000000,8797000000,0.446480231436837,0.0,9426000000,-1037000000,0.0,9300000000,30834000000,0.0,1202000000,-10148000000,-0.5150484697761762,-11131000000,0.06532000203014769,219000000,1287000000,0.06532000203014769,508000000,813000000,0.04126275186519819,14.538153,13.467202,55921823,60368887,,
0,1999-12-31,AAL,,,FY,17730000000,9772000000,7958000000,0.4488437676254935,0.0,8854000000,-1162000000,0.0,8200000000,27918000000,0.0,1092000000,-9250000000,-0.5217146080090242,-10188000000,0.05673998871968415,154000000,1006000000,0.05673998871968415,350000000,985000000,0.05555555555555555,17.29585,16.760375,56950077,58769569,,
0,1998-12-31,AAL,,,FY,19205000000,9291000000,9914000000,0.5162197344441551,0.0,9177000000,-1226000000,0.0,7847000000,27602000000,0.0,1287000000,-7168000000,-0.37323613642280656,-8397000000,0.11267898984639417,58000000,2164000000,0.11267898984639417,858000000,1314000000,0.06841968237438167,20.829987,20.133869,63082134,65263165,,
0,1997-12-31,AAL,,,FY,18570000000,9264000000,9306000000,0.5011308562197092,0.0,9076000000,-1278000000,0.0,7794000000,27378000000,0.0,1244000000,-7545000000,-0.4063004846526656,-8808000000,0.08863758750673129,-19000000,1646000000,0.08863758750673129,661000000,985000000,0.053042541733979535,29.585007,28.862115,33293891,34127783,,
0,1996-12-31,AAL,,,FY,17753000000,9008000000,8745000000,0.4925928012166958,0.0,8724000000,-1252000000,0.0,7994000000,26930000000,0.0,1204000000,-8683000000,-0.4891004337295105,-9177000000,0.09198445333183124,710000000,1633000000,0.09198445333183124,528000000,1016000000,0.057229763983552076,31.137885,29.959839,32629063,33912064,,
0,1995-12-31,AAL,,,FY,16910000000,8580000000,8330000000,0.4926079243051449,0.0,8621000000,-1293000000,0.0,7031000000,25491000000,0.0,1259000000,-6753000000,-0.3993494973388528,-8581000000,0.02117090479006505,-569000000,358000000,0.02117090479006505,162000000,167000000,0.009875813128326433,5.649264,5.649264,28676303,67977000,,
0,1994-12-31,AAL,,,FY,16137000000,8239000000,7898000000,0.4894342194955692,0.0,8457000000,-1335000000,0.0,6691000000,24640000000,0.0,1253000000,-6927000000,-0.4292619445993679,-8503000000,0.022928673235421703,-323000000,370000000,0.022928673235421703,142000000,228000000,0.01412902026398959,12.074967,12.074967,28405876,67230000,,
