,date,symbol,fillingDate,acceptedDate,period,revenue,costOfRevenue,grossProfit,grossProfitRatio,researchAndDevelopmentExpenses,generalAndAdministrativeExpenses,sellingAndMarketingExpenses,otherExpenses,operatingExpenses,costAndExpenses,interestExpense,depreciationAndAmortization,ebitda,ebitdaratio,operatingIncome,operatingIncomeRatio,totalOtherIncomeExpensesNet,incomeBeforeTax,incomeBeforeTaxRatio,incomeTaxExpense,netIncome,netIncomeRatio,eps,epsdiluted,weightedAverageShsOut,weightedAverageShsOutDil,link,finalLink
0,2019-12-31,ZNH,2020-04-28,Not found...,FY,154322000000,134834000000,19488000000,0.12628141159393994,0.0,11480000000,7755000000,0.0,-2783000000,143879000000,5863000000,0.0,35337000000,0.22898225787638832,10443000000,0.02627622762794676,-599000000,4055000000,0.02627622762794676,971000000,2640000000,0.01710708777750418,11.0,11.0,245343446,245343446,https://www.sec.gov/Archives/edgar/data/1041668/000119312520121783/0001193125-20-121783-index.htm,https://www.sec.gov/Archives/edgar/data/1041668/000119312520121783/d860749d20f.htm
0,2018-12-31,ZNH,2019-04-26,Not found...,FY,143623000000,127607000000,16016000000,0.11151417252111431,0.0,10531000000,7036000000,0.0,-2791000000,135622000000,3215000000,0.0,22965000000,0.15989778795875312,8001000000,0.030385105449684244,-547000000,4364000000,0.030385105449684244,1000000000,2895000000,0.02015693865188723,13.5,13.5,214378340,214378340,https://www.sec.gov/Archives/edgar/data/1041668/000119312519122432/0001193125-19-122432-index.htm,https://www.sec.gov/Archives/edgar/data/1041668/000119312519122432/d681054d20f.htm
0,2017-12-31,ZNH,2018-04-26,Not found...,FY,127806000000,110952000000,16854000000,0.13187174311065208,0.0,10113000000,6881000000,0.0,-1909000000,119315000000,721000000,13162000000,20533000000,0.16065755911303067,8491000000,0.06943335993615324,3024000000,8874000000,0.06943335993615324,1976000000,5961000000,0.04664100276982301,30.0,30.0,198480000,198480000,https://www.sec.gov/Archives/edgar/data/1041668/000119312518134851/0001193125-18-134851-index.htm,https://www.sec.gov/Archives/edgar/data/1041668/000119312518134851/d478859d20f.htm
0,2016-12-31,ZNH,2017-04-27,Not found...,FY,114981000000,95613000000,19368000000,0.16844522138440263,0.0,8988000000,6304000000,0.0,-1877000000,102855000000,821000000,12619000000,23978000000,0.20853880206294953,12126000000,0.06662839947469582,-2135000000,7661000000,0.06662839947469582,1763000000,5044000000,0.043868117341125924,25.5,25.5,196351340,196351340,https://www.sec.gov/Archives/edgar/data/1041668/000114420417022566/0001144204-17-022566-index.htm,https://www.sec.gov/Archives/edgar/data/1041668/000114420417022566/v463962_20f.htm
0,2015-12-31,ZNH,2016-04-28,Not found...,FY,111652000000,90572000000,21080000000,0.18880091713538494,0.0,9316000000,6976000000,0.0,-1576000000,98436000000,940000000,11845000000,24782000000,0.2219575108372443,13216000000,0.054795256690430984,-5163000000,6118000000,0.054795256690430984,1300000000,3736000000,0.033461111310142226,19.0,19.0,196351340,196351340,https://www.sec.gov/Archives/edgar/data/1041668/000114420416096888/0001144204-16-096888-index.htm,https://www.sec.gov/Archives/edgar/data/1041668/000114420416096888/v437560_20f.htm
0,2014-12-31,ZNH,2015-04-30,Not found...,FY,108584000000,94435000000,14149000000,0.13030464893538643,0.0,10054000000,7841000000,0.0,-725000000,103888000000,1215000000,10984000000,15479000000,0.14255323067855302,4696000000,0.028236204228984013,187000000,3066000000,0.028236204228984013,668000000,1777000000,0.016365210344065424,9.0,9.0,196351340,196351340,https://www.sec.gov/Archives/edgar/data/1041668/000114420415026219/0001144204-15-026219-index.htm,https://www.sec.gov/Archives/edgar/data/1041668/000114420415026219/v408234_20f.htm
0,2013-12-31,ZNH,2014-04-25,Not found...,FY,98547000000,86253000000,12294000000,0.12475265609303175,0.0,10104000000,7754000000,0.0,24000000,96501000000,959000000,9347000000,11569000000,0.11739576039859154,2046000000,0.03535368910266167,2757000000,3484000000,0.03535368910266167,734000000,1986000000,0.020152820481597614,10.0,10.0,196351340,196351340,https://www.sec.gov/Archives/edgar/data/1041668/000114420414024825/0001144204-14-024825-index.htm,https://www.sec.gov/Archives/edgar/data/1041668/000114420414024825/v375741_20f.htm
0,2012-12-31,ZNH,2013-04-26,Not found...,FY,99514000000,84997000000,14517000000,0.1458789718029624,0.0,9475000000,7134000000,0.0,-125000000,94431000000,908000000,8264000000,13647000000,0.13713648330888117,5083000000,0.04761139136201942,775000000,4738000000,0.04761139136201942,954000000,2619000000,0.026317905018389372,13.5,13.5,196351340,196351340,https://www.sec.gov/Archives/edgar/data/1041668/000114420413024090/0001144204-13-024090-index.htm,https://www.sec.gov/Archives/edgar/data/1041668/000114420413024090/v341948_20f.htm
0,2011-12-31,ZNH,2012-04-27,Not found...,FY,90395000000,75901000000,14494000000,0.1603407268101112,0.0,9294000000,6568000000,0.0,327000000,85603000000,679000000,0.0,13054000000,0.1444106421815366,4792000000,0.07666353227501521,2898000000,6930000000,0.07666353227501521,840000000,5110000000,0.0565296753139001,26.0,26.0,196360000,196360000,https://www.sec.gov/Archives/edgar/data/1041668/000114420412024234/0001144204-12-024234-index.htm,https://www.sec.gov/Archives/edgar/data/1041668/000114420412024234/v309366_20f.htm
0,2010-12-31,ZNH,2011-04-29,Not found...,FY,76495000000,55147000000,21348000000,0.27907706386038306,0.0,7821000000,5555000000,0.0,0.0,70029000000,1265000000,7061000000,13859000000,0.18117524021177855,6466000000,0.10579776455977515,2799000000,8093000000,0.10579776455977515,1678000000,5795000000,0.07575658539773841,35.0,35.0,166280000,166280000,https://www.sec.gov/Archives/edgar/data/1041668/000114420411024794/0001144204-11-024794-index.htm,https://www.sec.gov/Archives/edgar/data/1041668/000114420411024794/v219342_20f.htm
0,2009-12-31,ZNH,2010-05-28,Not found...,FY,54802000000,42911000000,11891000000,0.2169811320754717,0.0,6014000000,4170000000,0.0,429000000,55325000000,1497000000,5971000000,7576000000,0.13824312981278056,-523000000,0.00788292398087661,395000000,432000000,0.00788292398087661,-95000000,527000000,0.009616437356300866,2.5,2.5,141700000,141700000,https://www.sec.gov/Archives/edgar/data/1041668/000114420410030819/0001144204-10-030819-index.htm,https://www.sec.gov/Archives/edgar/data/1041668/000114420410030819/v186784_20f.htm
0,2008-12-31,ZNH,2009-06-25,Not found...,FY,55288000000,48348000000,6940000000,0.12552452611778325,0.0,5532000000,3491000000,0.0,257000000,59883000000,1987000000,5746000000,1266000000,0.02289827810736507,-4595000000,-0.08544349587613949,1814000000,-4724000000,-0.08544349587613949,62000000,-4786000000,-0.08656489654174504,-37.0,-37.0,131220000,131220000,https://www.sec.gov/Archives/edgar/data/1041668/000114420409034225/0001144204-09-034225-index.htm,https://www.sec.gov/Archives/edgar/data/1041668/000114420409034225/v152718_20f.htm
0,2007-12-31,ZNH,2008-06-23,Not found...,FY,54502000000,41885000000,12617000000,0.23149609188653628,0.0,5305000000,3478000000,0.0,0.0,52791000000,2291000000,5554000000,7589000000,0.13924259660195956,1711000000,0.05363105941066383,3430000000,2923000000,0.05363105941066383,858000000,1871000000,0.03432901544897435,14.333333,14.333333,131220000,131220000,https://www.sec.gov/Archives/edgar/data/1041668/000114420408036242/0001144204-08-036242-index.htm,https://www.sec.gov/Archives/edgar/data/1041668/000114420408036242/v117777_20f.htm
0,2006-12-31,ZNH,2007-06-29,Not found...,FY,46219000000,34963000000,11256000000,0.24353620805296522,0.0,5922000000,2811000000,0.0,-61000000,45880000000,2070000000,5027000000,5527000000,0.11958285553560224,339000000,0.0061446591228715465,1974000000,284000000,0.0061446591228715465,142000000,126000000,0.0027261515826824466,1.0,1.0,131220000,131220000,https://www.sec.gov/Archives/edgar/data/1041668/000114420407034250/0001144204-07-034250-index.htm,https://www.sec.gov/Archives/edgar/data/1041668/000114420407034250/v078901_20f.htm
0,2005-12-31,ZNH,2006-06-30,Not found...,FY,38293000000,29742000000,8551000000,0.22330452040842974,0.0,5237000000,0.0,0.0,179000000,39598000000,1616000000,4440000000,1891823800,0.049403906719243725,-1305000000,-0.04839004517796986,1013000000,-1853000000,-0.04839004517796986,-7000000.0,-1846000000,-0.0482072441438383,-14.0,-14.0,132000000,132000000,https://www.sec.gov/Archives/edgar/data/1041668/000114554906000936/0001145549-06-000936-index.htm,https://www.sec.gov/Archives/edgar/data/1041668/000114554906000936/h00571e20vf.htm
0,2004-12-31,ZNH,2005-06-30,Not found...,FY,23974000000,17380000000,6594000000,0.27504796863268544,0.0,3263000000,0.0,0.0,9000000.0,23065000000,691000000,2413000000,3337276500,0.13920399182447651,909000000,0.009718862100608993,-7000000.0,233000000,0.009718862100608993,78000000,-48000000,-0.002002169016434471,-0.333333,-0.333333,144000000,144000000,https://www.sec.gov/Archives/edgar/data/1041668/000114554905001187/0001145549-05-001187-index.htm,https://www.sec.gov/Archives/edgar/data/1041668/000114554905001187/u99836e20vf.htm
0,2003-12-31,ZNH,2004-06-30,Not found...,FY,17470123000,12426132000,5043991000,0.2887209780950025,0.0,2533487000,0.0,0.0,16804000,17014394000,823725000,2037971000,2658676530.1,0.15218419069516567,455729000,-0.02928485391888769,-156675000,-511610000,-0.02928485391888769,-324277000,-358267000,-0.02050741142463622,-3.0,-3.0,119422333,119422333,https://www.sec.gov/Archives/edgar/data/1041668/000114554904000858/0001145549-04-000858-index.htm,https://www.sec.gov/Archives/edgar/data/1041668/000114554904000858/u99074e20vf.htm
