,date,symbol,fillingDate,acceptedDate,period,revenue,costOfRevenue,grossProfit,grossProfitRatio,researchAndDevelopmentExpenses,generalAndAdministrativeExpenses,sellingAndMarketingExpenses,otherExpenses,operatingExpenses,costAndExpenses,interestExpense,depreciationAndAmortization,ebitda,ebitdaratio,operatingIncome,operatingIncomeRatio,totalOtherIncomeExpensesNet,incomeBeforeTax,incomeBeforeTaxRatio,incomeTaxExpense,netIncome,netIncomeRatio,eps,epsdiluted,weightedAverageShsOut,weightedAverageShsOutDil,link,finalLink
0,2019-12-31,AF.PA,2019-12-31,2019-12-31,FY,27189000000,18495000000,8694000000,0.31976166832174774,0.0,5296000000,1029000000,6000000.0,254000000,26120000000,597000000,0.0,3965000000,0.14583103460958477,1069000000,0.012725734672110044,0.0,346000000,0.012725734672110044,76000000,290000000,0.010666078193387031,0.64,0.64,427432464,455334249,https://www.infogreffe.com/recherche-entreprise-dirigeants/resultats-entreprise-dirigeants.html?ga_cat=globale&ga_q=A.F#phrase=A.F,https://www.infogreffe.com/recherche-entreprise-dirigeants/resultats-entreprise-dirigeants.html?ga_cat=globale&ga_q=A.F#phrase=A.F
0,2018-12-31,AF.PA,2018-12-31,2018-12-31,FY,26515000000,17593000000,8922000000,0.33648877993588533,0.0,5383000000,1034000000,8000000.0,228000000,25177000000,454000000,0.0,3935000000,0.14840656232321328,1338000000,0.023496134263624364,0.0,623000000,0.023496134263624364,227000000,409000000,0.015425231001320008,0.87,0.87,427487659,427487659,https://www.infogreffe.com/recherche-entreprise-dirigeants/resultats-entreprise-dirigeants.html?ga_cat=globale&ga_q=A.F#phrase=A.F,https://www.infogreffe.com/recherche-entreprise-dirigeants/resultats-entreprise-dirigeants.html?ga_cat=globale&ga_q=A.F#phrase=A.F
0,2017-12-31,AF.PA,2017-12-31,2017-12-31,FY,25784000000,17142000000,8642000000,0.3351690971144896,0.0,5046000000,935000000,-15000000,263000000,26192000000,184000000,0.0,1465000000,0.056818181818181816,-408000000,-0.020051194539249147,0.0,-517000000,-0.020051194539249147,-229000000,-274000000,-0.010626745268383494,-0.81,-0.81,370585964,370585964,https://www.infogreffe.com/recherche-entreprise-dirigeants/resultats-entreprise-dirigeants.html?ga_cat=globale&ga_q=A.F#phrase=A.F,https://www.infogreffe.com/recherche-entreprise-dirigeants/resultats-entreprise-dirigeants.html?ga_cat=globale&ga_q=A.F#phrase=A.F
0,2016-12-31,AF.PA,2016-12-31,2016-12-31,FY,24846000000,16907000000,7939000000,0.3195282942928439,0.0,4873000000,905000000,8000000.0,198000000,23897000000,229000000,0.0,2407000000,0.09687676084681639,949000000,0.03312404411172824,0.0,823000000,0.03312404411172824,294000000,792000000,0.03187635836754407,2.59,2.25,296225607,349612139,https://www.infogreffe.com/recherche-entreprise-dirigeants/resultats-entreprise-dirigeants.html?ga_cat=globale&ga_q=A.F#phrase=A.F,https://www.infogreffe.com/recherche-entreprise-dirigeants/resultats-entreprise-dirigeants.html?ga_cat=globale&ga_q=A.F#phrase=A.F
0,2015-12-31,AF.PA,2015-12-31,2015-12-31,FY,26062000000,20710000000,5352000000,0.20535645767784513,0.0,2559000000,896000000,-6000000.0,282000000,25568000000,284000000,4000000.0,1677000000,0.0643465582073517,494000000,0.007674008134448623,0.0,200000000,0.007674008134448623,43000000,118000000,0.004527664799324687,0.34,0.34,296062513,296062513,https://www.infogreffe.com/recherche-entreprise-dirigeants/resultats-entreprise-dirigeants.html?ga_cat=globale&ga_q=A.F#phrase=A.F,https://www.infogreffe.com/recherche-entreprise-dirigeants/resultats-entreprise-dirigeants.html?ga_cat=globale&ga_q=A.F#phrase=A.F
0,2014-12-31,AF.PA,2014-12-31,2014-12-31,FY,24930000000,18029000000,6901000000,0.2768150822302447,0.0,4655000000,870000000,-113000000,213000000,24214000000,330000000,0.0,2081000000,0.08347372643401524,716000000,0.002527075812274368,0.0,63000000,0.002527075812274368,209000000,-198000000,-0.007942238267148015,-0.67,-0.67,296039474,296039474,https://www.infogreffe.com/recherche-entreprise-dirigeants/resultats-entreprise-dirigeants.html?ga_cat=globale&ga_q=A.F#phrase=A.F,https://www.infogreffe.com/recherche-entreprise-dirigeants/resultats-entreprise-dirigeants.html?ga_cat=globale&ga_q=A.F#phrase=A.F
0,2013-12-31,AF.PA,2013-12-31,2013-12-31,FY,25530000000,18458000000,7072000000,0.27700744222483353,0.0,4590000000,852000000,-116000000,216000000,25420000000,356000000,1566000000,1731000000,0.06780258519388954,110000000,-0.020681551116333723,0.0,-528000000,-0.020681551116333723,957000000,-1827000000,-0.07156286721504113,-6.17,-6.17,296035251,296035251,https://www.infogreffe.com/recherche-entreprise-dirigeants/resultats-entreprise-dirigeants.html?ga_cat=globale&ga_q=A.F#phrase=A.F,https://www.infogreffe.com/recherche-entreprise-dirigeants/resultats-entreprise-dirigeants.html?ga_cat=globale&ga_q=A.F#phrase=A.F
0,2012-12-31,AF.PA,2012-12-31,2012-12-31,FY,25649000000,19125000000,6524000000,0.2543568950056532,0.0,4578000000,876000000,-40000000,213000000,26053000000,342000000,0.0,1327000000,0.05173690982104565,-404000000,-0.04265273499941518,0.0,-1094000000,-0.04265273499941518,27000000,-1192000000,-0.046473546726967914,-4.03,-4.03,295870117,295870117,https://www.infogreffe.com/recherche-entreprise-dirigeants/resultats-entreprise-dirigeants.html?ga_cat=globale&ga_q=A.F#phrase=A.F,https://www.infogreffe.com/recherche-entreprise-dirigeants/resultats-entreprise-dirigeants.html?ga_cat=globale&ga_q=A.F#phrase=A.F
0,2011-12-31,AF.PA,2011-12-31,2011-12-31,FY,24402000000,17981000000,6421000000,0.26313416933038275,0.0,4670000000,847000000,-144000000,140000000,24784000000,365000000,0.0,1017000000,0.04167691172854684,-382000000,-0.04225063519383657,0.0,-1031000000,-0.04225063519383657,-245000000,-809000000,-0.03315302024424228,-2.73,-2.73,295895020,295895020,https://www.infogreffe.com/recherche-entreprise-dirigeants/resultats-entreprise-dirigeants.html?ga_cat=globale&ga_q=A.F#phrase=A.F,https://www.infogreffe.com/recherche-entreprise-dirigeants/resultats-entreprise-dirigeants.html?ga_cat=globale&ga_q=A.F#phrase=A.F
0,2011-03-31,AF.PA,2011-03-31,2011-03-31,FY,23622000000,14555000000,9067000000,0.3838371010075354,0.0,0.0,0.0,84000000,231000000,23743000000,455000000,1624000000,2568000000,0.10871221742443485,-121000000,0.018499703666073997,0.0,437000000,0.018499703666073997,-196000000,613000000,0.025950385234103802,2.08,1.76,295261850,373879561,https://www.infogreffe.com/recherche-entreprise-dirigeants/resultats-entreprise-dirigeants.html?ga_cat=globale&ga_q=A.F#phrase=A.F,https://www.infogreffe.com/recherche-entreprise-dirigeants/resultats-entreprise-dirigeants.html?ga_cat=globale&ga_q=A.F#phrase=A.F
0,2010-03-31,AF.PA,2010-03-31,2010-03-31,FY,20999000000,15630000000,5369000000,0.25567884184961187,0.0,4538000000,854000000,20000000,258000000,22642000000,358000000,113000000,59000000,0.0028096576027429876,-1643000000,-0.1013857802752512,0.0,-2129000000,-0.1013857802752512,-586000000,-1559000000,-0.0742416305538359,-5.3,-5.3,294375351,294375351,https://www.infogreffe.com/recherche-entreprise-dirigeants/resultats-entreprise-dirigeants.html?ga_cat=globale&ga_q=A.F#phrase=A.F,https://www.infogreffe.com/recherche-entreprise-dirigeants/resultats-entreprise-dirigeants.html?ga_cat=globale&ga_q=A.F#phrase=A.F
0,2009-03-31,AF.PA,2009-03-31,2009-03-31,FY,23975000000,14930000000,9045000000,0.3772679874869656,0.0,0.0,0.0,0.0,317000000,24168000000,368000000,1604000000,883000000,0.03683003128258603,-193000000,-0.05021897810218978,0.0,-1204000000,-0.05021897810218978,-439000000,-814000000,-0.033952033368091765,-2.76,-2.76,294710259,294710259,https://www.infogreffe.com/recherche-entreprise-dirigeants/resultats-entreprise-dirigeants.html?ga_cat=globale&ga_q=A.F#phrase=A.F,https://www.infogreffe.com/recherche-entreprise-dirigeants/resultats-entreprise-dirigeants.html?ga_cat=globale&ga_q=A.F#phrase=A.F
0,2008-03-31,AF.PA,2008-03-31,2008-03-31,FY,24118000000,13814000000,10304000000,0.4272327722033336,0.0,0.0,0.0,0.0,408000000,22846000000,387000000,1606000000,3159000000,0.1309810100339995,1272000000,0.04764076623268928,0.0,1149000000,0.04764076623268928,358000000,748000000,0.031014180280288583,2.63,2.47,284675581,307766380,https://www.infogreffe.com/recherche-entreprise-dirigeants/resultats-entreprise-dirigeants.html?ga_cat=globale&ga_q=A.F#phrase=A.F,https://www.infogreffe.com/recherche-entreprise-dirigeants/resultats-entreprise-dirigeants.html?ga_cat=globale&ga_q=A.F#phrase=A.F
0,2007-03-31,AF.PA,2007-03-31,2007-03-31,FY,23077000000,13100000000,9977000000,0.4323352255492482,0.0,0.0,0.0,0.0,273000000,21844000000,407000000,1782000000,3315000000,0.14364952116826277,1233000000,0.04844650517831607,0.0,1118000000,0.04844650517831607,248000000,891000000,0.038609871300429,3.35,3.05,266014798,296183441,https://www.infogreffe.com/recherche-entreprise-dirigeants/resultats-entreprise-dirigeants.html?ga_cat=globale&ga_q=A.F#phrase=A.F,https://www.infogreffe.com/recherche-entreprise-dirigeants/resultats-entreprise-dirigeants.html?ga_cat=globale&ga_q=A.F#phrase=A.F
0,2006-03-31,AF.PA,2006-03-31,2006-03-31,FY,21452000000,12090000000,9362000000,0.43641618497109824,0.0,0.0,0.0,0.0,-106000000,19997000000,392000000,1656000000,3357000000,0.15648890546336006,1455000000,0.055938840201379826,0.0,1200000000,0.055938840201379826,256000000,913000000,0.04256013425321648,3.47,3.25,263423578,284227072,https://www.infogreffe.com/recherche-entreprise-dirigeants/resultats-entreprise-dirigeants.html?ga_cat=globale&ga_q=A.F#phrase=A.F,https://www.infogreffe.com/recherche-entreprise-dirigeants/resultats-entreprise-dirigeants.html?ga_cat=globale&ga_q=A.F#phrase=A.F
0,2005-03-31,AF.PA,2005-03-31,2005-03-31,FY,19078000000,10687000000,8391000000,0.43982597756578257,0.0,0.0,0.0,-21000000,386000000,18581000000,219000000,1586000000,2193000000,0.11494915609602684,497000000,0.02384946011112276,0.0,455000000,0.02384946011112276,96000000,351000000,0.01839815494286613,1.36,1.36,258705143,258705143,https://www.infogreffe.com/recherche-entreprise-dirigeants/resultats-entreprise-dirigeants.html?ga_cat=globale&ga_q=A.F#phrase=A.F,https://www.infogreffe.com/recherche-entreprise-dirigeants/resultats-entreprise-dirigeants.html?ga_cat=globale&ga_q=A.F#phrase=A.F
0,2004-03-31,AF.PA,2004-03-31,2004-03-31,FY,12337000000,6754000000,5583000000,0.4525411364189025,0.0,0.0,0.0,-22000000,181000000,12198000000,60000000,1184000000,1339000000,0.10853530031612224,139000000,0.008105698305909055,0.0,100000000,0.008105698305909055,2000000.0,93000000,0.007538299424495421,0.43,0.43,216909488,216909488,https://www.infogreffe.com/recherche-entreprise-dirigeants/resultats-entreprise-dirigeants.html?ga_cat=globale&ga_q=A.F#phrase=A.F,https://www.infogreffe.com/recherche-entreprise-dirigeants/resultats-entreprise-dirigeants.html?ga_cat=globale&ga_q=A.F#phrase=A.F
0,2003-03-31,AF.PA,2003-03-31,2003-03-31,FY,12668590080,7163655140,5504934940,0.43453414351851855,0.0,3849880420,0.0,-111803240,241934880,12464228420,0.0,1208757980,1425949520,0.11255787037037036,204361660,0.00875289351851852,0.0,110886820,0.00875289351851852,-12829880,120051020,0.009476273148148149,0.549211,0.549211,217269052,217269052,https://www.infogreffe.com/recherche-entreprise-dirigeants/resultats-entreprise-dirigeants.html?ga_cat=globale&ga_q=A.F#phrase=A.F,https://www.infogreffe.com/recherche-entreprise-dirigeants/resultats-entreprise-dirigeants.html?ga_cat=globale&ga_q=A.F#phrase=A.F
