,date,symbol,fillingDate,acceptedDate,period,revenue,costOfRevenue,grossProfit,grossProfitRatio,researchAndDevelopmentExpenses,generalAndAdministrativeExpenses,sellingAndMarketingExpenses,otherExpenses,operatingExpenses,costAndExpenses,interestExpense,depreciationAndAmortization,ebitda,ebitdaratio,operatingIncome,operatingIncomeRatio,totalOtherIncomeExpensesNet,incomeBeforeTax,incomeBeforeTaxRatio,incomeTaxExpense,netIncome,netIncomeRatio,eps,epsdiluted,weightedAverageShsOut,weightedAverageShsOutDil,link,finalLink
0,2020-06-30,AMG,2020-07-31 00:00:00,2020-07-31 16:27:13,Q2,471100000,0.0,0.0,1.0,0.0,290100000,0.0,11300000,387300000,387300000,22300000,85900000,142200000,0.301847,83800000,0.177882,0.0,66800000,0.141796,3300000.0,30700000,0.065167,0.64905,0.64905,47300000,47300000,https://www.sec.gov/Archives/edgar/data/1004434/000100443420000029/0001004434-20-000029-index.htm,https://www.sec.gov/Archives/edgar/data/1004434/000100443420000029/amg0630202010q.htm
0,2020-03-31,AMG,2020-05-04 00:00:00,2020-05-04 16:24:45,Q1,507300000,0.0,0.0,1.0,0.0,298100000,0.0,11000000,334800000,334800000,19500000,25700000.000000004,31800000.000000004,0.062685,172500000,0.340035,0.0,42200000,0.083185,2200000.0,-15600000,-0.030751,-0.32636,-0.32636,47800000,47800000,https://www.sec.gov/Archives/edgar/data/1004434/000100443420000019/0001004434-20-000019-index.html,https://www.sec.gov/Archives/edgar/data/1004434/000100443420000019/amg0331202010q.htm
0,2019-12-31,AMG,2020-02-28 00:00:00,2020-02-28 16:14:23,Q4,555600000,0.0,0.0,1.0,0.0,328300000,0.0,20800000,426200000,426200000,18800000,77100000,116900000,0.210403,129400000,0.232901,0.0,94300000,0.169726,-1500000.0,22500000,0.040497,0.45825,0.45825,49100000,49100000,https://www.sec.gov/Archives/edgar/data/1004434/000100443420000011/0001004434-20-000011-index.html,https://www.sec.gov/Archives/edgar/data/1004434/000100443420000011/amg10-k12312019.htm
0,2019-09-30,AMG,2019-11-01 00:00:00,2019-11-01 16:30:52,Q3,549000000,0.0,0.0,1.0,0.0,313500000,0.0,13100000,353900000,353900000,19500000,27200000.000000004,163500000,0.297814,195100000,0.355373,0.0,192600000,0.35082,30500000,86300000,0.157195,1.7123,1.7123,50400000,50400000,https://www.sec.gov/Archives/edgar/data/1004434/000100443419000044/0001004434-19-000044-index.html,https://www.sec.gov/Archives/edgar/data/1004434/000100443419000044/amg0930201910q.htm
0,2019-06-30,AMG,2019-08-01,2019-08-01 16:21:28,Q2,591900000,0.0,0.0,1.0,0.0,354200000,0.0,12200000,392900000,392900000,19700000,26699999.999999996,189800000,0.320662,199000000,0.336205,0.0,215900000,0.364758,35700000,107700000,0.181956,2.11176,2.11176,51000000,51000000,https://www.sec.gov/Archives/edgar/data/1004434/000100443419000034/amg0630201910q.htm,https://www.sec.gov/Archives/edgar/data/1004434/000100443419000034/amg0630201910q.htm
0,2019-03-31,AMG,2019-05-09 00:00:00,2019-05-09 16:39:30,Q1,543100000,0.0,0.0,1.0,0.0,323800000,0.0,11000000,369600000,369600000,18200000,34800000.00000001,-209600000,-0.385933,173500000,0.319462,0.0,-194800000,-0.358682,-61800000,-200800000,-0.369729,-3.86898,-3.86898,51900000,51900000,https://www.sec.gov/Archives/edgar/data/1004434/000100443419000022/0001004434-19-000022-index.html,https://www.sec.gov/Archives/edgar/data/1004434/000100443419000022/amg_03312019x10q.htm
0,2018-12-31,AMG,2019-02-22 00:00:00,2019-02-22 16:21:24,Q4,564500000,0.0,0.0,1.0,0.0,329200000,0.0,36300000,409300000,409300000,18000000,43800000,-54300000,-0.096191,155200000,0.274934,0.0,-63600000,-0.112666,35200000,-151300000,-0.268025,-2.87097,-2.87097,52700000,52700000,https://www.sec.gov/Archives/edgar/data/1004434/000100443419000008/0001004434-19-000008-index.html,https://www.sec.gov/Archives/edgar/data/1004434/000100443419000008/amg_10-kx12312018.htm
0,2018-09-30,AMG,2018-11-01 00:00:00,2018-11-01 16:50:03,Q3,601300000,0.0,0.0,1.0,0.0,356400000,0.0,10200000,402000000,402000000,19600000,35400000.00000001,228400000,0.379844,199300000,0.331449,0.0,250400000,0.416431,48500000,124900000,0.207717,2.25451,2.25451,55400000,55400000,https://www.sec.gov/Archives/edgar/data/1004434/000100443418000024/0001004434-18-000024-index.html,https://www.sec.gov/Archives/edgar/data/1004434/000100443418000024/amg_09302018x10q.htm
0,2018-06-30,AMG,2018-08-02 00:00:00,2018-08-02 16:21:11,Q2,600100000,0.0,0.0,1.0,0.0,346200000,0.0,11100000,386200000,386200000,21400000,28900000,201400000,0.335611,213900000,0.356441,0.0,239300000,0.398767,34100000,117000000,0.194968,2.15867,2.15867,54200000,54200000,https://www.sec.gov/Archives/edgar/data/1004434/000100443418000016/0001004434-18-000016-index.html,https://www.sec.gov/Archives/edgar/data/1004434/000100443418000016/amg_06302018x10q.htm
0,2018-03-31,AMG,2018-05-04 00:00:00,2018-05-04 16:18:23,Q1,612500000,0.0,0.0,1.0,0.0,373100000,0.0,12100000,413900000,413900000,21600000,28700000,266700000,0.435429,198600000,0.324245,0.0,287500000,0.469388,63400000,153000000,0.249796,2.75676,2.75676,55500000,55500000,https://www.sec.gov/Archives/edgar/data/1004434/000100443418000013/0001004434-18-000013-index.html,https://www.sec.gov/Archives/edgar/data/1004434/000100443418000013/amg_03312018x10q.htm
0,2017-12-31,AMG,2018-02-23 00:00:00,2018-02-23 16:32:39,Q4,604100000,0.0,0.0,1.0,0.0,359500000,0.0,26000000,412200000,412200000,19500000,26700000.00000001,448600000,0.742592,191900000,0.317663,0.0,264000000,0.437014,87100000,315300000,0.521933,5.43621,5.43621,58000000,58000000,https://www.sec.gov/Archives/edgar/data/1004434/000100443418000004/0001004434-18-000004-index.html,https://www.sec.gov/Archives/edgar/data/1004434/000100443418000004/amg_10-kx12312017.htm
0,2017-09-30,AMG,2017-11-02 00:00:00,2017-11-02 16:52:58,Q3,585700000,0.0,0.0,1.0,0.0,330600000,0.0,10300000,366900000,366900000,21500000,25999999.999999996,239000000,0.408059,218800000,0.37357,0.0,282900000,0.483012,66100000,125400000,0.214103,2.15094,2.15094,58300000,58300000,https://www.sec.gov/Archives/edgar/data/1004434/000100443417000024/0001004434-17-000024-index.html,https://www.sec.gov/Archives/edgar/data/1004434/000100443417000024/amg_09302017x10q.htm
0,2017-06-30,AMG,2017-08-03 00:00:00,2017-08-03 16:33:55,Q2,570900000,0.0,0.0,1.0,0.0,331300000,0.0,11800000,370000000,370000000,22400000,26900000,238100000,0.417061,200900000,0.351901,0.0,266900000,0.467507,62500000,126300000,0.22123,2.15162,2.15162,58700000,58700000,https://www.sec.gov/Archives/edgar/data/1004434/000100443417000019/0001004434-17-000019-index.html,https://www.sec.gov/Archives/edgar/data/1004434/000100443417000019/amg_06302017x10q.htm
0,2017-03-31,AMG,2017-05-05 00:00:00,2017-05-05 16:18:40,Q1,544300000,0.0,0.0,1.0,0.0,330700000,0.0,9900000.0,367700000,367700000,21900000,27099999.999999996,231200000,0.424766,176600000,0.324453,0.0,253300000,0.465368,59700000,122500000,0.22506,2.06926,2.06926,59200000,59200000,https://www.sec.gov/Archives/edgar/data/1004434/000100443417000011/0001004434-17-000011-index.html,https://www.sec.gov/Archives/edgar/data/1004434/000100443417000011/amg_03312017x10q.htm
0,2016-12-31,AMG,2017-02-24 00:00:00,2017-02-24 16:20:10,Q4,550400000,0.0,0.0,1.0,0.0,340900000,0.0,3200000.0,376600000,376600000,23000000,32500000,281700000,0.51181,173800000,0.31577,0.0,281900000,0.512173,74500000,151700000,0.275618,2.60653,2.60653,58200000,58200000,https://www.sec.gov/Archives/edgar/data/1004434/000100443417000004/0001004434-17-000004-index.html,https://www.sec.gov/Archives/edgar/data/1004434/000100443417000004/amg_10-kx12312016.htm
0,2016-09-30,AMG,2016-11-07 00:00:00,2016-11-07 16:46:30,Q3,544700000,0.0,0.0,1.0,0.0,338400000,0.0,3400000.0,373700000,373700000,22400000,31900000.000000007,214800000,0.394346,171000000,0.313934,0.0,226200000,0.415274,51300000,109200000,0.200477,1.92933,1.92933,56600000,56600000,https://www.sec.gov/Archives/edgar/data/1004434/000100443416000050/0001004434-16-000050-index.html,https://www.sec.gov/Archives/edgar/data/1004434/000100443416000050/amg_09302016x10q.htm
0,2016-06-30,AMG,2016-08-05,2016-08-05 16:20:34,Q2,554100000,0.0,0.0,1.0,0.0,328700000,0.0,10000000,372300000,372300000,21700000,33699999.99999999,216000000,0.389821,181800000,0.3281,0.0,235900000,0.425735,53200000,107400000,0.193828,1.90088,1.90088,56500000,56500000,https://www.sec.gov/Archives/edgar/data/1004434/000100443416000047/amg_06302016x10q.htm,https://www.sec.gov/Archives/edgar/data/1004434/000100443416000047/amg_06302016x10q.htm
0,2016-03-31,AMG,2016-05-10 00:00:00,2016-05-09 19:26:43,Q1,545400000,0.0,0.0,1.0,0.0,322600000,0.0,12400000,366600000,366600000,22300000,31600000,214900000,0.394023,178800000,0.327833,0.0,230500000,0.422626,56500000,104500000,0.191602,1.84956,1.84956,56500000,56500000,https://www.sec.gov/Archives/edgar/data/1004434/000100443416000041/0001004434-16-000041-index.html,https://www.sec.gov/Archives/edgar/data/1004434/000100443416000041/amg_03312016x10q.htm
0,2015-12-31,AMG,2016-02-25 00:00:00,2016-02-24 19:34:17,Q4,589800000,0.0,0.0,1.0,0.0,352300000,0.0,10000000,396600000,396600000,20700000,34300000,263700000,0.447101,193200000,0.327569,0.0,289200000,0.490336,61200000,147500000,0.250085,2.60601,2.60601,56600000,56600000,https://www.sec.gov/Archives/edgar/data/1004434/000100443416000035/0001004434-16-000035-index.html,https://www.sec.gov/Archives/edgar/data/1004434/000100443416000035/amg_10-kx12312015.htm
0,2015-09-30,AMG,2015-11-09 00:00:00,2015-11-09 16:30:32,Q3,613100000,0.0,0.0,1.0,0.0,351200000,0.0,11700000,397900000,397900000,23500000,35000000.00000001,224300000,0.365846,215200000,0.351003,0.0,249100000,0.406296,58100000,107700000,0.175665,1.88947,1.88947,57000000,57000000,https://www.sec.gov/Archives/edgar/data/1004434/000100443415000028/0001004434-15-000028-index.html,https://www.sec.gov/Archives/edgar/data/1004434/000100443415000028/amg_09302015x10q.htm
0,2015-06-30,AMG,2015-08-04 00:00:00,2015-08-04 16:56:44,Q2,646600000,0.0,0.0,1.0,0.0,406500000,0.0,17700000,451400000,451400000,22500000,32699999.999999996,256000000,0.395917,195200000,0.301887,0.0,262000000,0.405196,74500000,126300000,0.195329,2.20804,2.20804,57200000,57200000,https://www.sec.gov/Archives/edgar/data/1004434/000100443415000016/0001004434-15-000016-index.html,https://www.sec.gov/Archives/edgar/data/1004434/000100443415000016/amg_06302015x10q.htm
0,2015-03-31,AMG,2015-05-05 00:00:00,2015-05-05 17:01:45,Q1,635000000,0.0,0.0,1.0,0.0,361500000,0.0,4400000.0,403600000,403600000,22200000,32200000,252000000,0.39685,231400000,0.364409,0.0,290300000,0.457165,69600000,128000000,0.201575,2.21453,2.21453,57800000,57800000,https://www.sec.gov/Archives/edgar/data/1004434/000100443415000011/0001004434-15-000011-index.html,https://www.sec.gov/Archives/edgar/data/1004434/000100443415000011/amg_03312015x10q.htm
0,2014-12-31,AMG,2015-02-23,2015-02-23 17:19:50,Q4,641200000,0.0,0.0,1.0,0.0,390000000,0.0,10000000,442600000,442600000,19900000,42599999.99999999,286300000,0.446507,198600000,0.309732,0.0,309400000,0.482533,53200000,170600000,0.266064,2.61256,2.61256,65300000,65300000,https://www.sec.gov/Archives/edgar/data/1004434/000100443415000003/amg_10-kx12312014.htm,https://www.sec.gov/Archives/edgar/data/1004434/000100443415000003/amg_10-kx12312014.htm
0,2014-09-30,AMG,2014-11-06 00:00:00,2014-11-06 09:19:12,Q3,640300000,0.0,0.0,1.0,0.0,372500000,0.0,10400000,416100000,416100000,19000000,33100000,218800000,0.341715,224200000,0.350148,0.0,253400000,0.395752,63500000,103200000,0.161174,1.7551,1.7551,58800000,58800000,https://www.sec.gov/Archives/edgar/data/1004434/000100443414000018/0001004434-14-000018-index.html,https://www.sec.gov/Archives/edgar/data/1004434/000100443414000018/amg_09302014x10q.htm
0,2014-06-30,AMG,2014-08-06 00:00:00,2014-08-06 16:11:39,Q2,636300000,0.0,0.0,1.0,0.0,395500000,0.0,10300000,437900000,437900000,20100000,32200000,212400000,0.333805,198400000,0.311803,0.0,239100000,0.375766,61000000,99100000,0.155744,1.64345,1.64345,60300000,60300000,https://www.sec.gov/Archives/edgar/data/1004434/000100443414000015/0001004434-14-000015-index.html,https://www.sec.gov/Archives/edgar/data/1004434/000100443414000015/amg_06302014x10q.htm
0,2014-03-31,AMG,2014-05-06 00:00:00,2014-05-06 17:09:49,Q1,593100000,0.0,0.0,1.0,0.0,358000000,0.0,9900000.0,399100000,399100000,17600000,31200000,174900000,0.294891,194000000,0.327095,0.0,208300000,0.351206,48900000,77200000,0.130164,1.39855,1.39855,55200000,55200000,https://www.sec.gov/Archives/edgar/data/1004434/000100443414000012/0001004434-14-000012-index.html,https://www.sec.gov/Archives/edgar/data/1004434/000100443414000012/amg_03312014x10q.htm
0,2013-12-31,AMG,2014-02-27,2014-02-27 12:27:41,Q4,594000000,0.0,0.0,1.0,0.0,396800000,0.0,10300000,440900000,440900000,18800000,33800000,298300000,0.502189,153100000,0.257744,0.0,336700000,0.566835,87500000,158200000,0.26633,2.52313,2.52313,62700000,62700000,https://www.sec.gov/Archives/edgar/data/1004434/000100443414000006/amg_10-kx12312013.htm,https://www.sec.gov/Archives/edgar/data/1004434/000100443414000006/amg_10-kx12312013.htm
0,2013-09-30,AMG,2013-11-12 00:00:00,2013-11-12 12:07:05,Q3,551600000,0.0,0.0,1.0,0.0,336200000,0.0,10200000,382500000,382500000,20000000,35999999.99999999,162200000,0.294054,169100000,0.306563,0.0,187400000,0.339739,31000000,75200000,0.136331,1.32162,1.32162,56900000,56900000,https://www.sec.gov/Archives/edgar/data/1004434/000100443413000016/0001004434-13-000016-index.html,https://www.sec.gov/Archives/edgar/data/1004434/000100443413000016/amg_09302013x10q.htm
0,2013-06-30,AMG,2013-08-06 00:00:00,2013-08-06 14:45:11,Q2,541000000,0.0,0.0,1.0,0.0,334900000,0.0,8800000.0,379600000,379600000,24300000,36000000,163200000,0.301664,161400000,0.298336,0.0,172400000,0.318669,38200000,64700000,0.119593,1.18498,1.18498,54600000,54600000,https://www.sec.gov/Archives/edgar/data/1004434/000100443413000005/0001004434-13-000005-index.html,https://www.sec.gov/Archives/edgar/data/1004434/000100443413000005/amg_06302013x10q.htm
0,2013-03-31,AMG,2013-05-07 00:00:00,2013-05-07 17:27:16,Q1,502300000,0.0,0.0,1.0,0.0,306900000,0.0,8400000.0,351800000,351800000,24200000,36400000,160500000,0.31953,150500000,0.299622,0.0,167300000,0.333068,37500000,62400000,0.124229,1.14495,1.14495,54500000,54500000,https://www.sec.gov/Archives/edgar/data/1004434/000104746913005659/0001047469-13-005659-index.html,https://www.sec.gov/Archives/edgar/data/1004434/000104746913005659/a2214930z10-q.htm
0,2012-12-31,AMG,2013-02-22 00:00:00,2013-02-22 17:22:23,Q4,491000000,0.0,0.0,1.0,0.0,318000000,0.0,11700000,364100000,364100000,24200000,34400000.00000001,171500000,0.349287,126900000,0.258452,0.0,177200000,0.360896,37800000,75100000,0.152953,1.40901,1.40901,53300000,53300000,https://www.sec.gov/Archives/edgar/data/1004434/000104746913001515/0001047469-13-001515-index.html,https://www.sec.gov/Archives/edgar/data/1004434/000104746913001515/a2212939z10-k.htm
0,2012-09-30,AMG,2012-11-06 00:00:00,2012-11-06 16:47:33,Q3,467300000,0.0,0.0,1.0,0.0,290700000,0.0,9400000.0,327600000,327600000,21700000,27500000,123500000,0.264284,139700000,0.298951,0.0,137500000,0.294244,19400000,54900000,0.117483,1.03585,1.03585,53000000,53000000,https://www.sec.gov/Archives/edgar/data/1004434/000104746912010126/0001047469-12-010126-index.html,https://www.sec.gov/Archives/edgar/data/1004434/000104746912010126/a2211604z10-q.htm
0,2012-06-30,AMG,2012-08-08 00:00:00,2012-08-08 11:09:54,Q2,429600000,0.0,0.0,1.0,0.0,276900000,0.0,9400000.0,404600000,404600000,18500000,118399999.99999999,145500000,0.338687,25000000,0.058194,0.0,62900000,0.146415,2000000.0,6600000.0,0.015363,0.12524,0.12524,52700000,52700000,https://www.sec.gov/Archives/edgar/data/1004434/000104746912007943/0001047469-12-007943-index.html,https://www.sec.gov/Archives/edgar/data/1004434/000104746912007943/a2210481z10-q.htm
0,2012-03-31,AMG,2012-05-08,2012-05-08 16:14:11,Q1,417600000,0.0,0.0,1.0,0.0,266100000,0.0,8800000.0,308800000,308800000,18600000,33800000,114400000,0.273946,108800000,0.260536,0.0,117600000,0.281609,24600000,37400000,0.089559,0.70699,0.70699,52900000,52900000,https://www.sec.gov/Archives/edgar/data/1004434/000104746912001372/a2207296z10-k.htm,https://www.sec.gov/Archives/edgar/data/1004434/000104746912001372/a2207296z10-k.htm
0,2011-12-31,AMG,2012-02-23 00:00:00,2012-02-23 16:19:12,Q4,402400000,0.0,0.0,1.0,0.0,263100000,0.0,9400000.0,307200000,307200000,18200000,34800000.00000001,113200000,0.281312,95200000,0.236581,0.0,109000000,0.270875,19900000,40300000,0.100149,0.76616,0.76616,52600000,52600000,https://www.sec.gov/Archives/edgar/data/1004434/000104746912001372/0001047469-12-001372-index.html,https://www.sec.gov/Archives/edgar/data/1004434/000104746912001372/a2207296z10-k.htm
0,2011-09-30,AMG,2011-11-04 00:00:00,2011-11-04 14:00:21,Q3,413800000,0.0,0.0,1.0,0.0,252400000,0.0,9300000.0,287800000,287800000,18200000,26099999.999999993,104200000,0.251812,126000000,0.304495,0.0,99900000,0.241421,19800000,40100000,0.096907,0.7566,0.7566,53000000,53000000,https://www.sec.gov/Archives/edgar/data/1004434/000104746911009042/0001047469-11-009042-index.html,https://www.sec.gov/Archives/edgar/data/1004434/000104746911009042/a2206074z10-q.htm
0,2011-06-30,AMG,2011-08-09 00:00:00,2011-08-09 16:51:56,Q2,462300000,0.0,0.0,1.0,0.0,287100000,0.0,9300000.0,322300000,322300000,18000000,25900000.000000004,116000000,0.250919,140000000,0.302834,0.0,127600000,0.276011,26600000,45500000,0.098421,0.85206,0.85206,53400000,53400000,https://www.sec.gov/Archives/edgar/data/1004434/000104746911007158/0001047469-11-007158-index.html,https://www.sec.gov/Archives/edgar/data/1004434/000104746911007158/a2205010z10-q.htm
0,2011-03-31,AMG,2011-05-10 00:00:00,2011-05-10 16:51:27,Q1,426200000,0.0,0.0,1.0,0.0,267000000,0.0,8400000.0,301300000,301300000,19400000,25900000.000000004,111100000,0.260676,124900000,0.293055,0.0,116200000,0.272642,26800000,39000000,0.091506,0.73308,0.73308,53200000,53200000,https://www.sec.gov/Archives/edgar/data/1004434/000104746911004876/0001047469-11-004876-index.html,https://www.sec.gov/Archives/edgar/data/1004434/000104746911004876/a2203536z10-q.htm
0,2010-12-31,AMG,2011-03-01,2011-03-01 16:13:11,Q4,420700000,0.0,0.0,1.0,0.0,274800000,0.0,6800000.0,306700000,306700000,-17428000,25100000,108272000,0.257362,114100000,0.271215,0.0,146000000,0.347041,38700000,61900000,0.147136,1.17457,1.17457,52700000,52700000,https://www.sec.gov/Archives/edgar/data/1004434/000104746911001624/a2202148z10-k.htm,https://www.sec.gov/Archives/edgar/data/1004434/000104746911001624/a2202148z10-k.htm
0,2010-09-30,AMG,2010-11-09 00:00:00,2010-11-09 15:40:54,Q3,354400000,0.0,0.0,1.0,0.0,224900000,0.0,9600000.0,258800000,258800000,-16322000,24200000,65878000,0.185886,95600000,0.269752,0.0,93000000,0.262415,24000000,34000000,0.095937,0.65511,0.65511,51900000,51900000,https://www.sec.gov/Archives/edgar/data/1004434/000104746910009488/0001047469-10-009488-index.html,https://www.sec.gov/Archives/edgar/data/1004434/000104746910009488/a2200717z10-q.htm
0,2010-06-30,AMG,2010-08-09 00:00:00,2010-08-09 17:12:26,Q2,332100000,0.0,0.0,1.0,0.0,214900000,0.0,8400000.0,236200000,236200000,-12577000,13000000,42523000,0.128043,95800000,0.288467,0.0,75100000,0.226137,16900000,25200000,0.075881,0.52941,0.52941,47600000,47600000,https://www.sec.gov/Archives/edgar/data/1004434/000104746910007257/0001047469-10-007257-index.html,https://www.sec.gov/Archives/edgar/data/1004434/000104746910007257/a2199614z10-q.htm
0,2010-03-31,AMG,2010-05-10 00:00:00,2010-05-10 17:16:55,Q1,251000000,0.0,0.0,1.0,0.0,164500000,0.0,6100000.0,182500000,182500000,-19851000,11900000,21449000,0.085454,68500000,0.272908,0.0,64700000,0.257769,11900000,17500000,0.069721,0.38546,0.38546,45400000,45400000,https://www.sec.gov/Archives/edgar/data/1004434/000104746910005064/0001047469-10-005064-index.html,https://www.sec.gov/Archives/edgar/data/1004434/000104746910005064/a2198594z10-q.htm
0,2009-12-31,AMG,2010-03-01 00:00:00,2010-03-01 16:43:05,Q4,244700000,0.0,0.0,1.0,0.0,147300000,0.0,5600000.0,164500000,164500000,-19448000,11600000,34252000,0.139975,80100000,0.32734,0.0,83100000,0.3396,17500000,24600000,0.100531,0.54788,0.54788,44900000,44900000,https://www.sec.gov/Archives/edgar/data/1004434/000104746910001655/0001047469-10-001655-index.html,https://www.sec.gov/Archives/edgar/data/1004434/000104746910001655/a2196669z10-k.htm
0,2009-09-30,AMG,2009-11-09 00:00:00,2009-11-09 15:39:27,Q3,217500000,0.0,0.0,1.0,0.0,132100000,0.0,10900000,154400000,154400000,-19540000,11399999.999999996,15059999.999999996,0.069241,63000000,0.289655,0.0,73200000,0.336552,5400000.0,17800000,0.081839,0.40181,0.40181,44300000,44300000,https://www.sec.gov/Archives/edgar/data/1004434/000104746909009817/0001047469-09-009817-index.html,https://www.sec.gov/Archives/edgar/data/1004434/000104746909009817/a2195264z10-q.htm
0,2009-06-30,AMG,2009-08-06 00:00:00,2009-08-06 16:01:47,Q2,201200000,0.0,0.0,1.0,0.0,134300000,0.0,4700000.0,150300000,150300000,-19193000,11300000,8007000.0,0.039796,50900000,0.252982,0.0,61200000,0.304175,4900000.0,11000000,0.054672,0.25463,0.25463,43200000,43200000,https://www.sec.gov/Archives/edgar/data/1004434/000104746909007293/0001047469-09-007293-index.html,https://www.sec.gov/Archives/edgar/data/1004434/000104746909007293/a2193932z10-q.htm
0,2009-03-31,AMG,2009-05-11 00:00:00,2009-05-11 16:43:10,Q1,178500000,0.0,0.0,1.0,0.0,115600000,0.0,5800000.0,132700000,132700000,-19948000,11300000,2452000.0,0.013737,45800000,0.256583,0.0,28200000,0.157983,5000000.0,6100000.0,0.034174,0.14878,0.14878,41000000,41000000,https://www.sec.gov/Archives/edgar/data/1004434/000104746909005378/0001047469-09-005378-index.html,https://www.sec.gov/Archives/edgar/data/1004434/000104746909005378/a2192889z10-q.htm
0,2008-12-31,AMG,2009-03-02 00:00:00,2009-03-02 16:28:49,Q4,223400000,0.0,0.0,1.0,0.0,156400000,0.0,11200000,180000000,180000000,-18425000,12500000,-141025000,-0.631267,43400000,0.19427,0.0,-115400000,-0.516562,-51400000,-83700000,-0.374664,-2.11899,-2.11899,39500000,39500000,https://www.sec.gov/Archives/edgar/data/1004434/000104746909002123/0001047469-09-002123-index.html,https://www.sec.gov/Archives/edgar/data/1004434/000104746909002123/a2190957z10-k.htm
0,2008-09-30,AMG,2008-11-10 00:00:00,2008-11-10 16:05:47,Q3,290800000,0.0,0.0,1.0,0.0,177200000,0.0,4900000.0,193600000,193600000,-17755000,11600000.000000002,34745000,0.119481,97200000,0.33425,0.0,63800000,0.219395,24400000,16500000,0.05674,0.39192,0.39192,42100000,42100000,https://www.sec.gov/Archives/edgar/data/1004434/000104746908011909/0001047469-08-011909-index.html,https://www.sec.gov/Archives/edgar/data/1004434/000104746908011909/a2188729z10-q.htm
0,2008-06-30,AMG,2008-08-11 00:00:00,2008-08-11 12:09:25,Q2,309000000,0.0,0.0,1.0,0.0,189000000,0.0,5100000.0,205500000,205500000,-19324000,11399999.999999998,46976000,0.152026,103500000,0.334951,0.0,105800000,0.342395,20300000,34600000,0.111974,0.81604,0.81604,42400000,42400000,https://www.sec.gov/Archives/edgar/data/1004434/000104746908009109/0001047469-08-009109-index.html,https://www.sec.gov/Archives/edgar/data/1004434/000104746908009109/a2187165z10-q.htm
0,2008-03-31,AMG,2008-05-07 00:00:00,2008-05-07 10:54:06,Q1,335000000,0.0,0.0,1.0,0.0,203900000,0.0,5400000.0,220500000,220500000,-18387000,11200000,42313000,0.126307,114600000,0.34209,0.0,89300000,0.266567,18300000,31200000,0.093134,0.76471,0.76471,40800000,40800000,https://www.sec.gov/Archives/edgar/data/1004434/000104746908006093/0001047469-08-006093-index.html,https://www.sec.gov/Archives/edgar/data/1004434/000104746908006093/a2185300z10-q.htm
0,2007-12-31,AMG,2008-02-29,,Q4,383000000,0.0,0.0,1.0,0.0,199400000,0.0,5000000.0,215200000,215200000,-21176000,10700000,86124000,0.224867,167700000,0.437859,0.0,180600000,0.47154,35700000,60900000,0.159008,1.34735,1.34735,45200000,45200000,https://www.sec.gov/Archives/edgar/data/1004434/000104746908002079/a2183035z10-k.htm,https://www.sec.gov/Archives/edgar/data/1004434/000104746908002079/a2183035z10-k.htm
0,2007-09-30,AMG,2007-11-09 00:00:00,2007-11-09 12:35:56,Q3,345600000,0.0,0.0,1.0,0.0,201400000,0.0,5900000.0,218000000,218000000,-16250000,10700000,62050000,0.179543,127600000,0.369213,0.0,139700000,0.404225,25000000,42600000,0.123264,0.99766,0.99766,42700000,42700000,https://www.sec.gov/Archives/edgar/data/1004434/000104746907008842/0001047469-07-008842-index.html,https://www.sec.gov/Archives/edgar/data/1004434/000104746907008842/a2180741z10-q.htm
0,2007-06-30,AMG,2007-08-09 00:00:00,2007-08-09 14:47:06,Q2,331500000,0.0,0.0,1.0,0.0,192100000,0.0,5100000.0,207500000,207500000,-18378000,10400000,58522000,0.176537,123900000,0.373756,0.0,139500000,0.420814,24600000,41900000,0.126395,0.92699,0.92699,45200000,45200000,https://www.sec.gov/Archives/edgar/data/1004434/000110465907060788/0001104659-07-060788-index.html,https://www.sec.gov/Archives/edgar/data/1004434/000110465907060788/a07-19025_110q.htm
0,2007-03-31,AMG,2007-05-10 00:00:00,2007-05-10 14:07:47,Q1,309800000,0.0,0.0,1.0,0.0,184400000,0.0,2800000.0,197500000,197500000,-18387000,10300000,50013000,0.161436,112300000,0.362492,0.0,109200000,0.352485,21500000,36600000,0.118141,0.82063,0.82063,44600000,44600000,https://www.sec.gov/Archives/edgar/data/1004434/000110465907038141/0001104659-07-038141-index.html,https://www.sec.gov/Archives/edgar/data/1004434/000110465907038141/a07-11018_110q.htm
0,2006-12-31,AMG,2007-03-01 00:00:00,2007-03-01 15:06:42,Q4,328800000,0.0,0.0,1.0,0.0,168700000,0.0,7200000.0,185100000,185100000,-15966000,9299999.999999998,71134000,0.216344,143700000,0.437044,0.0,161300000,0.490572,28800000,49000000,0.149027,1.09865,1.09865,44600000,44600000,https://www.sec.gov/Archives/edgar/data/1004434/000110465907015471/0001104659-07-015471-index.html,https://www.sec.gov/Archives/edgar/data/1004434/000110465907015471/a07-6547_110k.htm
0,2006-09-30,AMG,2006-11-09,,Q3,280400000,0.0,0.0,1.0,0.0,163800000,0.0,5500000.0,178400000,178400000,-16250000,9100000.000000002,45450000,0.16209,102100000,0.364123,0.0,91900000,0.327746,19500000,33100000,0.118046,0.7455,0.7455,44400000,44400000,https://www.sec.gov/Archives/edgar/data/1004434/000110465906073472/a06-21902_110q.htm,https://www.sec.gov/Archives/edgar/data/1004434/000110465906073472/a06-21902_110q.htm
0,2006-06-30,AMG,2006-08-09,,Q2,283100000,0.0,0.0,1.0,0.0,163900000,0.0,5600000.0,178600000,178600000,-15102000,8999999.999999998,45498000,0.160714,104500000,0.369128,0.0,88500000,0.31261,17700000,33900000,0.119746,0.75,0.75,45200000,45200000,https://www.sec.gov/Archives/edgar/data/1004434/000110465906053041/a06-15592_110q.htm,https://www.sec.gov/Archives/edgar/data/1004434/000110465906053041/a06-15592_110q.htm
0,2006-03-31,AMG,2006-05-10,,Q1,278000000,0.0,0.0,1.0,0.0,160000000,0.0,5600000.0,174300000,174300000,-11482000,8800000.0,53218000,0.191432,103700000,0.373022,0.0,112000000,0.402878,20700000,35200000,0.126619,0.76026,0.76026,46300000,46300000,https://www.sec.gov/Archives/edgar/data/1004434/000104746906003533/a2168119z10-k.htm,https://www.sec.gov/Archives/edgar/data/1004434/000104746906003533/a2168119z10-k.htm
0,2005-12-31,AMG,2006-03-16,,Q4,272500000,0.0,0.0,1.0,0.0,153200000,0.0,6400000.0,168500000,168500000,-22976000,8799999.999999998,47424000,0.174033,104000000,0.381651,0.0,113400000,0.416147,22800000,38800000,0.142385,0.85651,0.85651,45300000,45300000,https://www.sec.gov/Archives/edgar/data/1004434/000104746906003533/a2168119z10-k.htm,https://www.sec.gov/Archives/edgar/data/1004434/000104746906003533/a2168119z10-k.htm
0,2005-09-30,AMG,2005-10-09,,Q3,234100000,0.0,0.0,1.0,0.0,139500000,0.0,5300000.0,153400000,153400000,-10071000,8600000.0,43729000,0.186796,80800000,0.345152,0.0,77900000,0.332764,16700000,28500000,0.121743,0.63474,0.63474,44900000,44900000,https://www.sec.gov/Archives/edgar/data/1004434/000110465905054205/a05-18540_110q.htm,https://www.sec.gov/Archives/edgar/data/1004434/000110465905054205/a05-18540_110q.htm
0,2005-06-30,AMG,2005-08-09,,Q2,208300000,0.0,0.0,1.0,0.0,120300000,0.0,4900000.0,132500000,132500000,-9296000.0,7300000.0,39604000,0.19013,75800000,0.363898,0.0,72100000,0.346135,15400000,26200000,0.12578,0.59009,0.59009,44400000,44400000,https://www.sec.gov/Archives/edgar/data/1004434/000110465905037772/a05-14425_110q.htm,https://www.sec.gov/Archives/edgar/data/1004434/000110465905037772/a05-14425_110q.htm
0,2005-03-31,AMG,2005-05-10,,Q1,201600000,0.0,0.0,1.0,0.0,115000000,0.0,4800000.0,127100000,127100000,-7315000.0,7200000.0,41185000,0.204291,74500000,0.369544,0.0,70600000,0.350198,15700000,25600000,0.126984,0.5805,0.5805,44100000,44100000,https://www.sec.gov/Archives/edgar/data/1004434/000104746905006812/a2153635z10-k.htm,https://www.sec.gov/Archives/edgar/data/1004434/000104746905006812/a2153635z10-k.htm
0,2004-12-31,AMG,2005-03-16 00:00:00,2005-03-16 17:09:45,Q4,184000000,0.0,0.0,1.0,0.0,97400000,0.0,4400000.0,108500000,108500000,-19316000,6800000.000000002,26284000.000000004,0.142848,75400000,0.409783,0.0,74300000,0.403804,15500000,23300000,0.12663,0.5601,0.5601,41600000,41600000,https://www.sec.gov/Archives/edgar/data/1004434/000104746905006812/0001047469-05-006812-index.html,https://www.sec.gov/Archives/edgar/data/1004434/000104746905006812/a2153635z10-k.htm
0,2004-09-30,AMG,2004-11-09 00:00:00,2004-11-09 16:43:18,Q3,165800000,0.0,0.0,1.0,0.0,89700000,0.0,5200000.0,101400000,101400000,80000.0,6399999.999999999,34480000,0.207961,64400000,0.38842,0.0,54800000,0.330519,11200000,16800000,0.101327,0.43636,0.43636,38500000,38500000,https://www.sec.gov/Archives/edgar/data/1004434/000104746904033605/0001047469-04-033605-index.html,https://www.sec.gov/Archives/edgar/data/1004434/000104746904033605/a2146250z10-q.htm
0,2004-06-30,AMG,2004-08-09 00:00:00,2004-08-09 16:19:37,Q2,158600000,0.0,0.0,1.0,0.0,82900000,0.0,3500000.0,92200000,92200000,-5981000.0,5900000.000000001,31419000,0.198102,66400000,0.418663,0.0,59300000,0.373897,12600000,18900000,0.119168,0.49476,0.49476,38200000,38200000,https://www.sec.gov/Archives/edgar/data/1004434/000104746904025834/0001047469-04-025834-index.html,https://www.sec.gov/Archives/edgar/data/1004434/000104746904025834/a2141612z10-q.htm
0,2004-03-31,AMG,2004-05-10 00:00:00,2004-05-07 20:16:06,Q1,151600000,0.0,0.0,0.0,0.0,80600000,0.0,3700000.0,90000000,90000000,-5400000.0,5600000.0,31000000,0.204485,61700000,0.406992,0.0,56200000,0.370712,12600000,18200000,0.120053,0.455,0.455,40000000,40000000,https://www.sec.gov/Archives/edgar/data/1004434/000104746904016516/0001047469-04-016516-index.html,https://www.sec.gov/Archives/edgar/data/1004434/000104746904016516/a2135956z10-q.htm
0,2003-12-31,AMG,2004-03-15 00:00:00,2004-03-15 16:37:36,Q4,139600000,0.0,0.0,1.0,0.0,70600000,0.0,4500000.0,80800000,80800000,-8754000.0,5600000.0,26146000,0.187292,58800000,0.421203,0.0,55100000,0.394699,12000000,17300000,0.123926,0.42195,0.42195,41000000,41000000,https://www.sec.gov/Archives/edgar/data/1004434/000104746904008009/0001047469-04-008009-index.html,https://www.sec.gov/Archives/edgar/data/1004434/000104746904008009/a2130539z10-k.htm
0,2003-09-30,AMG,2003-11-14 00:00:00,2003-11-14 15:38:39,Q3,128500000,0.0,0.0,1.0,0.0,68500000,0.0,3700000.0,77900000,77900000,-5974000.0,5699999.999999999,27526000,0.21421,50600000,0.393774,0.0,48000000,0.373541,11400000,16400000,0.127626,0.49697,0.49697,33000000,33000000,https://www.sec.gov/Archives/edgar/data/1004434/000104746903037493/0001047469-03-037493-index.html,https://www.sec.gov/Archives/edgar/data/1004434/000104746903037493/a2122629z10-q.htm
0,2003-06-30,AMG,2003-08-14 00:00:00,2003-08-14 15:58:49,Q2,116700000,0.0,0.0,1.0,0.0,61100000,0.0,3800000.0,70500000,70500000,-7044000.0,5600000.0,21556000,0.184713,46200000,0.395887,0.0,41700000,0.357326,9200000.0,13800000,0.118252,0.42857,0.42857,32200000,32200000,https://www.sec.gov/Archives/edgar/data/1004434/000104746903027750/0001047469-03-027750-index.html,https://www.sec.gov/Archives/edgar/data/1004434/000104746903027750/a2116914z10-q.htm
0,2003-03-31,AMG,2003-05-15 00:00:00,2003-05-15 16:56:10,Q1,110200000,0.0,0.0,0.0,0.0,58800000,0.0,4000000.0,68300000,68300000,-4000000.0,5500000.0,23200000,0.210526,41900000,0.380218,0.0,38000000,0.344828,8700000.0,13000000,0.117967,0.39877,0.39877,32600000,32600000,https://www.sec.gov/Archives/edgar/data/1004434/000091205703000223/0000912057-03-000223-index.html,https://www.sec.gov/Archives/edgar/data/1004434/000091205703000223/a2111266z10-q.htm
0,2002-12-31,AMG,2003-03-31 00:00:00,2003-03-31 16:28:50,Q4,118300000,0.0,0.0,1.0,0.0,62800000,0.0,4700000.0,73000000,73000000,-12780000,5500000.0,14820000,0.125275,45300000,0.382925,0.0,40500000,0.34235,8800000.0,13300000,0.112426,0.34817,0.34817,38200000,38200000,https://www.sec.gov/Archives/edgar/data/1004434/000104746903011288/0001047469-03-011288-index.html,https://www.sec.gov/Archives/edgar/data/1004434/000104746903011288/a2106221z10-k.htm
0,2002-09-30,AMG,2002-11-14 00:00:00,2002-11-14 18:29:08,Q3,115300000,0.0,0.0,1.0,0.0,60400000,0.0,4300000.0,70000000,70000000,-2970000.0,5300000.0,23630000,0.204944,45200000,0.392021,0.0,40500000,0.351258,8500000.0,12800000,0.111015,0.38209,0.38209,33500000,33500000,https://www.sec.gov/Archives/edgar/data/1004434/000104746902003154/0001047469-02-003154-index.html,https://www.sec.gov/Archives/edgar/data/1004434/000104746902003154/a2093371z10-q.htm
0,2002-06-30,AMG,2002-08-14 00:00:00,2002-08-14 08:09:38,Q2,129600000,0.0,0.0,0.0,0.0,66100000,0.0,3100000.0,74100000,74100000,-6300000.0,4800000.000000001,24100000,0.185957,55600000,0.429012,0.0,49300000,0.380401,10200000,15400000,0.118827,0.44898,0.44898,34300000,34300000,https://www.sec.gov/Archives/edgar/data/1004434/000091205702031757/0000912057-02-031757-index.html,https://www.sec.gov/Archives/edgar/data/1004434/000091205702031757/a2086629z10-q.htm
0,2002-03-31,AMG,2002-04-01 00:00:00,2002-04-01 00:00:00,Q1,119300000,0.0,0.0,0.0,0.0,61000000,0.0,3900000.0,69600000,69600000,-5900000.0,4699999.999999999,23000000,0.192791,49700000,0.416597,0.0,43800000,0.367142,9700000.0,14500000,0.121542,0.42151,0.42151,34400000,34400000,https://www.sec.gov/Archives/edgar/data/1004434/000091205702012931/0000912057-02-012931-index.html,https://www.sec.gov/Archives/edgar/data/1004434/000091205702012931/a2075179z10-k.txt
0,2001-12-31,AMG,2002-04-01 00:00:00,2002-04-01 00:00:00,Q4,110500000,0.0,0.0,0.0,0.0,54700000,0.0,3300000.0,67100000,67100000,-4100000.0,9099999.999999998,25999999.999999996,0.235294,43400000,0.39276,0.0,39300000,0.355656,8400000.0,12600000,0.114027,0.36735,0.36735,34300000,34300000,https://www.sec.gov/Archives/edgar/data/1004434/000091205702012931/0000912057-02-012931-index.html,https://www.sec.gov/Archives/edgar/data/1004434/000091205702012931/a2075179z10-k.txt
0,2001-09-30,AMG,2001-11-14 00:00:00,2001-11-14 00:00:00,Q3,96600000,0.0,0.0,0.0,0.0,50000000,0.0,2600000.0,60900000,60900000,-1000000.0,8400000.0,28000000,0.289855,35700000,0.369565,0.0,34700000,0.359213,8200000.0,12400000,0.128364,0.36152,0.36152,34300000,34300000,https://www.sec.gov/Archives/edgar/data/1004434/000091205701539703/0000912057-01-539703-index.html,https://www.sec.gov/Archives/edgar/data/1004434/000091205701539703/a2062992z10-q.txt
0,2001-06-30,AMG,2001-08-14 00:00:00,2001-08-14 00:00:00,Q2,100700000,0.0,0.0,0.0,0.0,51700000,0.0,2700000.0,62800000,62800000,-1900000.0,8300000.0,28200000,0.28004,37900000,0.376365,0.0,36000000,0.357498,8700000.0,13100000,0.130089,0.38529,0.38529,34000000,34000000,https://www.sec.gov/Archives/edgar/data/1004434/000091205701528405/0000912057-01-528405-index.html,https://www.sec.gov/Archives/edgar/data/1004434/000091205701528405/a2056727z10-q.txt
0,2001-03-31,AMG,2001-04-02 00:00:00,2001-04-02 00:00:00,Q1,100500000,0.0,0.0,0.0,0.0,52300000,0.0,2600000.0,63200000,63200000,-2600000.0,8300000.0,25600000,0.254726,37300000,0.371144,0.0,34700000,0.345274,8000000.0,11900000,0.118408,0.35103,0.35103,33900000,33900000,https://www.sec.gov/Archives/edgar/data/1004434/000091205701506196/0000912057-01-506196-index.html,https://www.sec.gov/Archives/edgar/data/1004434/000091205701506196/a2043261z10-k.txt
0,2000-12-31,AMG,2001-04-02 00:00:00,2001-04-02 00:00:00,Q4,114800000,0.0,0.0,0.0,0.0,59500000,0.0,2600000.0,70100000,70100000,-4800000.0,8000000.0,27900000,0.243031,44700000,0.389373,0.0,39900000,0.347561,9900000.0,14800000,0.12892,0.43402,0.43402,34100000,34100000,https://www.sec.gov/Archives/edgar/data/1004434/000091205701506196/0000912057-01-506196-index.html,https://www.sec.gov/Archives/edgar/data/1004434/000091205701506196/a2043261z10-k.txt
0,2000-09-30,AMG,2000-11-14 00:00:00,2000-11-14 00:00:00,Q3,118200000,0.0,0.0,0.0,0.0,63500000,0.0,2900000.0,74400000,74400000,-2900000.0,7999999.999999999,29500000,0.249577,43800000,0.370558,0.0,40900000,0.346024,10000000,14400000,0.121827,0.42353,0.42353,34000000,34000000,https://www.sec.gov/Archives/edgar/data/1004434/000091205700049714/0000912057-00-049714-index.html,https://www.sec.gov/Archives/edgar/data/1004434/000091205700049714/a2029807z10-q.txt
0,2000-06-30,AMG,2000-08-14 00:00:00,2000-08-14 00:00:00,Q2,110900000,0.0,0.0,0.0,0.0,58900000,0.0,2400000.0,68900000,68900000,-3600000.0,7600000.0,27200000,0.245266,42000000,0.37872,0.0,38400000,0.346258,9500000.0,13700000,0.123535,0.40533,0.40533,33800000,33800000,https://www.sec.gov/Archives/edgar/data/1004434/000091205700036762/0000912057-00-036762-index.html,https://www.sec.gov/Archives/edgar/data/1004434/000091205700036762/a10-q.txt
0,2000-03-31,AMG,2000-05-15 00:00:00,2000-05-15 00:00:00,Q1,114800000,0.0,0.0,0.0,0.0,61000000,0.0,2400000.0,70900000,70900000,-2200000.0,7400000.0,28600000,0.249129,43900000,0.382404,0.0,41700000,0.36324,9600000.0,13800000,0.120209,0.39884,0.39884,34600000,34600000,https://www.sec.gov/Archives/edgar/data/1004434/000091205700024482/0000912057-00-024482-index.html,https://www.sec.gov/Archives/edgar/data/1004434/0000912057-00-024482.txt
0,1999-12-31,AMG,2000-03-30 00:00:00,2000-03-30 00:00:00,Q4,286600000,0.0,0.0,0.0,0.0,152700000,0.0,2700000.0,162300000,162300000,8900000.0,6799999.999999999,98000000,0.34194,124300000,0.433706,0.0,133200000,0.464759,37600000,44700000,0.155967,1.28448,1.28448,34800000,34800000,https://www.sec.gov/Archives/edgar/data/1004434/000091205700015163/0000912057-00-015163-index.html,https://www.sec.gov/Archives/edgar/data/1004434/0000912057-00-015163.txt
0,1999-09-30,AMG,1999-11-15 00:00:00,1999-11-15 00:00:00,Q3,85400000,0.0,0.0,0.0,0.0,44500000,0.0,2200000.0,53100000,53100000,-1800000.0,6500000.0,22500000,0.263466,32300000,0.37822,0.0,30400000,0.355972,7300000.0,10500000,0.122951,0.29915,0.29915,35100000,35100000,https://www.sec.gov/Archives/edgar/data/1004434/000091205799005536/0000912057-99-005536-index.html,https://www.sec.gov/Archives/edgar/data/1004434/0000912057-99-005536.txt
0,1999-06-30,AMG,1999-08-16 00:00:00,1999-08-16 00:00:00,Q2,78600000,0.0,0.0,0.0,0.0,39600000,0.0,2000000.0,48300000,48300000,-2100000.0,6800000.000000001,20800000,0.264631,30200000,0.384224,0.0,28200000,0.358779,6600000.0,9500000.0,0.120865,0.27066,0.27066,35100000,35100000,https://www.sec.gov/Archives/edgar/data/1004434/000104746999032360/0001047469-99-032360-index.html,https://www.sec.gov/Archives/edgar/data/1004434/0001047469-99-032360.txt
0,1999-03-31,AMG,1999-05-14 00:00:00,1999-05-14 00:00:00,Q1,68100000,0.0,0.0,0.0,0.0,34300000,0.0,2000000.0,42300000,42300000,-2500000.0,6000000.0,16200000,0.237885,25800000,0.378855,0.0,23300000,0.342144,5200000.0,7500000.0,0.110132,0.24116,0.24116,31100000,31100000,https://www.sec.gov/Archives/edgar/data/1004434/000104746999020675/0001047469-99-020675-index.html,https://www.sec.gov/Archives/edgar/data/1004434/0001047469-99-020675.txt
0,1998-12-31,AMG,1999-03-31 00:00:00,1999-03-31 00:00:00,Q4,80300000,0.0,0.0,0.0,0.0,41100000,0.0,1300000.0,47800000,47800000,-2100000.0,5399999.999999999,18800000,0.234122,32500000,0.404732,0.0,30400000,0.37858,6200000.0,9300000.0,0.115816,0.31849,0.31849,29200000,29200000,https://www.sec.gov/Archives/edgar/data/1004434/000104746999012958/0001047469-99-012958-index.html,https://www.sec.gov/Archives/edgar/data/1004434/0001047469-99-012958.txt
0,1998-09-30,AMG,1998-11-16 00:00:00,1998-11-16 00:00:00,Q3,55900000,0.0,0.0,0.0,0.0,27500000,0.0,1800000.0,34500000,34500000,-3100000.0,5300000.0,12000000,0.214669,21300000,0.381038,0.0,18300000,0.32737,3900000.0,5900000.0,0.105546,0.20137,0.20137,29300000,29300000,https://www.sec.gov/Archives/edgar/data/1004434/000104746998041354/0001047469-98-041354-index.html,https://www.sec.gov/Archives/edgar/data/1004434/0001047469-98-041354.txt
0,1998-06-30,AMG,1998-08-13 00:00:00,1998-08-13 00:00:00,Q2,56600000,0.0,0.0,0.0,0.0,27300000,0.0,1900000.0,34400000,34400000,-3400000.0,5100000.000000001,11500000.000000002,0.20318,22200000,0.392226,0.0,18800000,0.332155,3900000.0,5900000.0,0.10424,0.19932,0.19932,29600000,29600000,https://www.sec.gov/Archives/edgar/data/1004434/000104746998031120/0001047469-98-031120-index.html,https://www.sec.gov/Archives/edgar/data/1004434/0001047469-98-031120.txt
0,1998-03-31,AMG,1998-05-15 00:00:00,1998-05-15 00:00:00,Q1,45700000,0.0,0.0,0.0,0.0,23400000,0.0,1300000.0,29000000,29000000,-2800000.0,4300000.0,9000000.0,0.196937,16700000,0.365427,0.0,13900000,0.304158,3000000.0,4500000.0,0.098468,0.16484,0.16484,27300000,27300000,https://www.sec.gov/Archives/edgar/data/1004434/000104746998020579/0001047469-98-020579-index.html,https://www.sec.gov/Archives/edgar/data/1004434/0001047469-98-020579.txt
