,date,symbol,fillingDate,acceptedDate,period,revenue,costOfRevenue,grossProfit,grossProfitRatio,researchAndDevelopmentExpenses,generalAndAdministrativeExpenses,sellingAndMarketingExpenses,otherExpenses,operatingExpenses,costAndExpenses,interestExpense,depreciationAndAmortization,ebitda,ebitdaratio,operatingIncome,operatingIncomeRatio,totalOtherIncomeExpensesNet,incomeBeforeTax,incomeBeforeTaxRatio,incomeTaxExpense,netIncome,netIncomeRatio,eps,epsdiluted,weightedAverageShsOut,weightedAverageShsOutDil,link,finalLink
0,2020-03-31,LGC,2020-05-08 00:00:00,2020-05-08 16:03:14,Q1,0.0,0.0,0.0,0.0,0.0,442000.0,0.0,0.0,442000.0,442000.0,0.0,0.0,-442000.0,0.0,-442000.0,0.0,0.0,470000.0,0.0,186000.0,284000.0,0.0,0.00969,0.00969,29305000,29305000,https://www.sec.gov/Archives/edgar/data/1698113/000121390020011447/0001213900-20-011447-index.html,https://www.sec.gov/Archives/edgar/data/1698113/000121390020011447/f10q0320_legacyacquisition.htm
0,2019-12-31,LGC,2020-02-27 00:00:00,2020-02-27 17:18:51,Q4,0.0,0.0,0.0,0.0,0.0,1209000.0,0.0,0.0,1209000.0,1209000.0,0.0,0.0,-1209000.0,0.0,-1209000.0,0.0,0.0,119000.0,0.0,265000.0,-146000.0,0.0,-0.00489,-0.00489,29305000,29867000,https://www.sec.gov/Archives/edgar/data/1698113/000121390020004939/0001213900-20-004939-index.html,https://www.sec.gov/Archives/edgar/data/1698113/000121390020004939/f10k2019_legacyacquisition.htm
0,2019-09-30,LGC,2019-11-12 00:00:00,2019-11-12 16:40:41,Q3,0.0,0.0,0.0,0.0,0.0,1210000.0,0.0,0.0,1210000.0,1210000.0,0.0,0.0,-1210000.0,0.0,-1210000.0,0.0,0.0,378000.0,0.0,325000.0,53000.0,0.0,0.00707,0.00707,29305000,7500000.0,https://www.sec.gov/Archives/edgar/data/1698113/000121390019022943/0001213900-19-022943-index.html,https://www.sec.gov/Archives/edgar/data/1698113/000121390019022943/f10q0919_legacyacquisition.htm
0,2019-06-30,LGC,2019-08-08 00:00:00,2019-08-07 18:52:54,Q2,0.0,0.0,0.0,0.0,0.0,1094000.0,0.0,0.0,1094000.0,1094000.0,0.0,0.0,-1094000.0,0.0,-1094000.0,0.0,0.0,711000.0,0.0,370000.0,341000.0,0.0,0.04547,0.04547,29305000,7500000.0,https://www.sec.gov/Archives/edgar/data/1698113/000121390019014847/0001213900-19-014847-index.html,https://www.sec.gov/Archives/edgar/data/1698113/000121390019014847/f10q0619_legacyacquisition.htm
0,2019-03-31,LGC,2019-05-09 00:00:00,2019-05-09 16:41:13,Q1,0.0,0.0,0.0,0.0,0.0,262000.0,0.0,0.0,262000.0,262000.0,0.0,0.0,-262000.0,0.0,-262000.0,0.0,0.0,1499000.0,0.0,360000.0,1139000.0,0.0,0.15187,0.15187,29305000,7500000.0,https://www.sec.gov/Archives/edgar/data/1698113/000121390019008157/0001213900-19-008157-index.html,https://www.sec.gov/Archives/edgar/data/1698113/000121390019008157/f10q0319_legacyacquisition.htm
0,2018-12-31,LGC,2019-03-15 00:00:00,2019-03-15 16:34:01,Q4,0.0,0.0,0.0,0.0,0.0,-615000.0,0.0,0.0,-615000.0,-615000.0,0.0,0.0,615000.0,0.0,615000.0,0.0,0.0,-2860000.0,0.0,-635000.0,-2225000.0,0.0,-0.29667,-0.29667,29305000,7500000.0,https://www.sec.gov/Archives/edgar/data/1698113/000121390019004265/0001213900-19-004265-index.html,https://www.sec.gov/Archives/edgar/data/1698113/000121390019004265/f10k2018_legacyacquisition.htm
0,2018-09-30,LGC,2018-11-08 00:00:00,2018-11-08 16:31:38,Q3,0.0,0.0,0.0,0.0,0.0,211000.0,0.0,0.0,211000.0,211000.0,0.0,0.0,-211000.0,0.0,-211000.0,0.0,0.0,1312000.0,0.0,330000.0,982000.0,0.0,0.03273,0.03273,29305000,30000000,https://www.sec.gov/Archives/edgar/data/1698113/000121390018015162/0001213900-18-015162-index.html,https://www.sec.gov/Archives/edgar/data/1698113/000121390018015162/f10q0918_legacyacquisition.htm
0,2018-06-30,LGC,2018-08-10 00:00:00,2018-08-10 16:26:58,Q2,0.0,0.0,0.0,0.0,0.0,271000.0,0.0,0.0,271000.0,271000.0,0.0,0.0,-271000.0,0.0,-271000.0,0.0,0.0,1008000.0,0.0,220000.0,788000.0,0.0,0.02627,0.02627,29305000,30000000,https://www.sec.gov/Archives/edgar/data/1698113/000121390018010714/0001213900-18-010714-index.html,https://www.sec.gov/Archives/edgar/data/1698113/000121390018010714/f10q0618_legacyacquisition.htm
0,2018-03-31,LGC,2018-05-14 00:00:00,2018-05-14 16:20:17,Q1,0.0,0.0,0.0,0.0,0.0,287000.0,0.0,0.0,287000.0,287000.0,0.0,0.0,-287000.0,0.0,-287000.0,0.0,0.0,789000.0,0.0,215000.0,574000.0,0.0,0.01913,0.01913,29305000,30000000,https://www.sec.gov/Archives/edgar/data/1698113/000121390018006114/0001213900-18-006114-index.html,https://www.sec.gov/Archives/edgar/data/1698113/000121390018006114/f10q0318_legacyacquisition.htm
