,date,symbol,fillingDate,acceptedDate,period,revenue,costOfRevenue,grossProfit,grossProfitRatio,researchAndDevelopmentExpenses,generalAndAdministrativeExpenses,sellingAndMarketingExpenses,otherExpenses,operatingExpenses,costAndExpenses,interestExpense,depreciationAndAmortization,ebitda,ebitdaratio,operatingIncome,operatingIncomeRatio,totalOtherIncomeExpensesNet,incomeBeforeTax,incomeBeforeTaxRatio,incomeTaxExpense,netIncome,netIncomeRatio,eps,epsdiluted,weightedAverageShsOut,weightedAverageShsOutDil,link,finalLink
0,2020-08-31,FDS,2020-08-31,2020-08-31,FY,383590000,183568000,200022000,0.5214473787116453,0.0,101445000,0.0,-607000.0,0.0,285013000,1826000.0,0.0,157436000,0.4104278005161761,98577000,0.25064261320680936,-607000.0,96144000,0.25064261320680936,7065000.0,89079000,0.23222451054511328,2.342319,2.29,38030252,38940000,https://www.sec.gov/Archives/edgar/data/1013237/000101323720000153/0001013237-20-000153-index.htm,https://www.sec.gov/Archives/edgar/data/1013237/000101323720000153/fds-20200831.htm
0,2020-05-31,FDS,2020-07-09,2020-07-09 07:58:06,Q3,374083000,170703000,203380000,0.5436761360446746,0.0,81740000,0.0,170703.0,252443000,423146000,-2211000.0,13036999.999999998,134677000,0.3600190332092076,121640000,0.32516847865313314,-289.0,119140000,0.3184854698021562,17924000,101216000,0.2705709695441921,2.6680725432307044,2.6680725432307044,37936000,38646000,https://www.sec.gov/Archives/edgar/data/1013237/000101323720000103/0001013237-20-000103-index.htm,https://www.sec.gov/Archives/edgar/data/1013237/000101323720000103/fds-20200531.htm
0,2020-02-29,FDS,2020-04-09 00:00:00,2020-04-09 06:56:16,Q2,369780000,176218000,193562000,0.523452,0.0,87305000,0.0,176218000,87305000.00000004,263523000.00000003,-2661000.0,13905999.999999998,114354000,0.309249,106257000,0.287352,-487000.0,103109000,0.278839,14423000,88686000,0.239834,2.29899,2.29899,38576000,38576000,https://www.sec.gov/Archives/edgar/data/1013237/000101323720000061/0001013237-20-000061-index.html,https://www.sec.gov/Archives/edgar/data/1013237/000101323720000061/fds-20200229.htm
0,2019-11-30,FDS,2020-01-09 00:00:00,2020-01-09 07:03:36,Q1,366658000,164957000,201701000,0.550107,0.0,88515000,0.0,164957000,88515000.00000001,253472000,-3131000.0,14390000,120000000,0.32728,113186000,0.308696,-1314000.0,108741000,0.296573,14784000,93957000,0.256252,2.43494,2.43494,38587000,38587000,https://www.sec.gov/Archives/edgar/data/1013237/000101323720000015/0001013237-20-000015-index.html,https://www.sec.gov/Archives/edgar/data/1013237/000101323720000015/fds-20191130.htm
0,2019-08-31,FDS,2019-10-30 00:00:00,2019-10-30 11:37:54,Q4,364283000,167730000,196553000,0.539561,0.0,84985000,0.0,167730000,84985000.00000001,252715000,-3279000.0,16520000.000000004,121530000,0.333614,111568000,0.306267,0.0,108289000,0.297266,16762000,91527000,0.251252,2.34258,2.34258,39071000,39071000,https://www.sec.gov/Archives/edgar/data/1013237/000143774919020894/0001437749-19-020894-index.html,https://www.sec.gov/Archives/edgar/data/1013237/000143774919020894/fds20190831_10k.htm
0,2019-05-31,FDS,2019-07-10 00:00:00,2019-07-10 16:01:36,Q3,364533000,163832000,200701000,0.55057,0.0,83461000,0.0,163832000,83461000.00000001,247293000,-3856000.0,14890999.999999998,124419000,0.341311,117240000,0.321617,0.0,113384000,0.311039,21119000,92265000,0.253105,2.36619,2.36619,38993000,38993000,https://www.sec.gov/Archives/edgar/data/1013237/000143774919013742/0001437749-19-013742-index.html,https://www.sec.gov/Archives/edgar/data/1013237/000143774919013742/fds20190531_10q.htm
0,2019-02-28,FDS,2019-04-09 00:00:00,2019-04-09 16:39:34,Q2,354895000,165108000,189787000,0.534769,0.0,81099000,0.0,165108000,81098999.99999999,246207000,-4339000.0,14811000,115921000,0.326635,108688000,0.306254,0.0,104349000,0.294028,20747000,84702000,0.238668,2.19327,2.19327,38619000,38619000,https://www.sec.gov/Archives/edgar/data/1013237/000143774919006813/0001437749-19-006813-index.html,https://www.sec.gov/Archives/edgar/data/1013237/000143774919006813/fds20190228_10q.htm
0,2018-11-30,FDS,2019-01-09 00:00:00,2019-01-09 14:01:18,Q1,351640000,166776000,184864000,0.525719,0.0,84325000,0.0,166776000,84324999.99999999,251101000,-4733000.0,14241000,107751000,0.306424,100539000,0.285915,0.0,95943000,0.272844,13947000,84296000,0.239722,2.17207,2.17207,38809000,38809000,https://www.sec.gov/Archives/edgar/data/1013237/000143774919000591/0001437749-19-000591-index.html,https://www.sec.gov/Archives/edgar/data/1013237/000143774919000591/fds20181130_10q.htm
0,2018-08-31,FDS,2018-10-30 00:00:00,2018-10-30 12:19:10,Q4,345900000,169500000,176400000,0.509974,0.0,88000000,0.0,169467000,88000000,257500000,-4400000.0,14500000,93900000,0.271466,88400000,0.255565,0.0,83900000,0.242556,15000000,68800000,0.198901,1.76864,1.76864,38900000,38900000,https://www.sec.gov/Archives/edgar/data/1013237/000143774918019028/0001437749-18-019028-index.html,https://www.sec.gov/Archives/edgar/data/1013237/000143774918019028/fds20180831_10k.htm
0,2018-05-31,FDS,2018-07-10 00:00:00,2018-07-10 14:01:34,Q3,339900000,165100000,174800000,0.514269,0.0,81600000,0.0,165073000,81500000,246600000,-3800000.0,14399999.999999998,100100000,0.294498,93300000,0.274492,0.0,89500000,0.263313,14800000,74700000,0.219771,1.91049,1.91049,39100000,39100000,https://www.sec.gov/Archives/edgar/data/1013237/000143774918013171/0001437749-18-013171-index.html,https://www.sec.gov/Archives/edgar/data/1013237/000143774918013171/fds20180531_10q.htm
0,2018-02-28,FDS,2018-04-09 00:00:00,2018-04-09 14:20:15,Q2,335200000,163200000,172000000,0.513126,0.0,76500000,0.0,163232000,76500000,239700000,-3300000.0,14099999.999999998,77600000,0.231504,95500000,0.284905,0.0,92200000,0.27506,13700000,53100000,0.158413,1.33417,1.33417,39800000,39800000,https://www.sec.gov/Archives/edgar/data/1013237/000143774918006528/0001437749-18-006528-index.html,https://www.sec.gov/Archives/edgar/data/1013237/000143774918006528/fds20180228_10q.htm
0,2017-11-30,FDS,2018-01-09 00:00:00,2018-01-09 16:02:58,Q1,329100000,161500000,167600000,0.509268,0.0,78500000,0.0,161524000,78500000,240000000,-2900000.0,14300000,97600000,0.296566,89100000,0.270738,0.0,86200000,0.261926,15800000,70400000,0.213917,1.7733,1.7733,39700000,39700000,https://www.sec.gov/Archives/edgar/data/1013237/000143774918000456/0001437749-18-000456-index.html,https://www.sec.gov/Archives/edgar/data/1013237/000143774918000456/fds20171130_10q.htm
0,2017-08-31,FDS,2017-10-30 00:00:00,2017-10-30 16:02:04,Q4,326600000,161300000,165400000,0.50643,0.0,82900000,0.0,161269000,82899999.99999999,244199999.99999997,-2700000.0,14500000,91600000,0.280465,82400000,0.252296,0.0,79800000,0.244336,20200000,59600000,0.182486,1.51269,1.51269,39400000,39400000,https://www.sec.gov/Archives/edgar/data/1013237/000143774917017840/0001437749-17-017840-index.html,https://www.sec.gov/Archives/edgar/data/1013237/000143774917017840/fds20170831_10k.htm
0,2017-05-31,FDS,2017-07-10 00:00:00,2017-07-10 15:33:39,Q3,312100000,146400000,165700000,0.53092,0.0,74900000,0.0,146426000,78100000,224500000,-2400000.0,13199999.999999996,96000000,0.307594,87600000,0.280679,0.0,85200000,0.272989,19800000,65400000,0.209548,1.6557,1.6557,39500000,39500000,https://www.sec.gov/Archives/edgar/data/1013237/000143774917012413/0001437749-17-012413-index.html,https://www.sec.gov/Archives/edgar/data/1013237/000143774917012413/fds20170531_10q.htm
0,2017-02-28,FDS,2017-04-10 00:00:00,2017-04-10 16:33:44,Q2,294400000,131600000,162700000,0.552649,0.0,71000000,0.0,131635000,72200000.00000001,203800000.00000003,-1000000.0,10600000.000000002,99100000,0.336617,90500000,0.307405,0.0,89500000,0.304008,22800000,66700000,0.226563,1.6801,1.6801,39700000,39700000,https://www.sec.gov/Archives/edgar/data/1013237/000143774917006364/0001437749-17-006364-index.html,https://www.sec.gov/Archives/edgar/data/1013237/000143774917006364/fds20170228_10q.htm
0,2016-11-30,FDS,2017-01-09 00:00:00,2017-01-09 15:37:39,Q1,288100000,127300000,160800000,0.55814,0.0,69800000,0.0,127250000,70399999.99999999,197700000,-500000.0,10000000,99300000,0.344672,90300000,0.313433,0.0,89800000,0.311697,23200000,66600000,0.23117,1.66085,1.66085,40100000,40100000,https://www.sec.gov/Archives/edgar/data/1013237/000143774917000394/0001437749-17-000394-index.html,https://www.sec.gov/Archives/edgar/data/1013237/000143774917000394/fds20161130_10q.htm
0,2016-08-31,FDS,2016-10-31 00:00:00,2016-10-31 10:35:07,Q4,287300000,124200000,163100000,0.567699,0.0,75400000,0.0,124160000,-37100000.00000001,87099999.99999999,-400000.0,9900000.000000002,209300000,0.728507,200200000,0.696833,0.0,199800000,0.69544,55500000,144300000,0.502262,3.54545,3.54545,40700000,40700000,https://www.sec.gov/Archives/edgar/data/1013237/000143774916040606/0001437749-16-040606-index.html,https://www.sec.gov/Archives/edgar/data/1013237/000143774916040606/fds20161020_10k.htm
0,2016-05-31,FDS,2016-07-11,2016-07-11 15:04:47,Q3,287500000,124600000,162900000,0.566609,0.0,73600000,0.0,124602000,73600000,198200000,-400000.0,9899999.999999998,98400000,0.342261,89300000,0.310609,0.0,88900000,0.309217,22100000,66800000,0.232348,1.62136,1.62136,41200000,41200000,https://www.sec.gov/Archives/edgar/data/1013237/000143774916035100/fds20160531_10q.htm,https://www.sec.gov/Archives/edgar/data/1013237/000143774916035100/fds20160531_10q.htm
0,2016-02-29,FDS,2016-04-11 00:00:00,2016-04-11 15:04:20,Q2,281800000,123900000,157900000,0.560326,0.0,72500000,0.0,123911000,72600000,196500000,-400000.0,9900000.0,94500000,0.335344,85300000,0.302697,0.0,84900000,0.301278,17200000,67800000,0.240596,1.63373,1.63373,41500000,41500000,https://www.sec.gov/Archives/edgar/data/1013237/000143774916029327/0001437749-16-029327-index.html,https://www.sec.gov/Archives/edgar/data/1013237/000143774916029327/fds20160113_10q.htm
0,2015-11-30,FDS,2016-01-11 00:00:00,2016-01-11 14:25:04,Q1,270500000,114700000,155800000,0.57597,0.0,68500000,0.0,114736000,68499999.99999999,183200000,100000.0,8400000.0,95900000,0.354529,87300000,0.322736,0.0,87400000,0.323105,27400000,60000000,0.221811,1.42518,1.42518,42100000,42100000,https://www.sec.gov/Archives/edgar/data/1013237/000143774916023443/0001437749-16-023443-index.html,https://www.sec.gov/Archives/edgar/data/1013237/000143774916023443/fds20151230_10q.htm
0,2015-08-31,FDS,2015-11-02 00:00:00,2015-10-30 18:27:29,Q4,261800000,107600000,154200000,0.588999,0.0,68500000,0.0,107594000,68500000,176100000,400000.0,7100000.000000001,93600000,0.357525,85700000,0.327349,0.0,86000000,0.328495,23900000,62200000,0.237586,1.48095,1.48095,42000000,42000000,https://www.sec.gov/Archives/edgar/data/1013237/000143774915019227/0001437749-15-019227-index.html,https://www.sec.gov/Archives/edgar/data/1013237/000143774915019227/fds20150831_10k.htm
0,2015-05-31,FDS,2015-07-10 00:00:00,2015-07-10 14:50:38,Q3,254500000,100700000,153800000,0.604322,0.0,68500000,0.0,100686000,68499999.99999999,169200000,500000.0,8000000.0,94300000,0.37053,85400000,0.33556,0.0,85800000,0.337132,24400000,61400000,0.241257,1.45154,1.45154,42300000,42300000,https://www.sec.gov/Archives/edgar/data/1013237/000143774915013479/0001437749-15-013479-index.html,https://www.sec.gov/Archives/edgar/data/1013237/000143774915013479/fds20150630_10q.htm
0,2015-02-28,FDS,2015-04-09 00:00:00,2015-04-09 13:41:23,Q2,247800000,99500000,148300000,0.598467,0.0,67600000,0.0,99516000,67600000,167100000,500000.0,8000000.0,89700000,0.361985,80600000,0.325262,0.0,81200000,0.327684,19600000,61600000,0.248588,1.45626,1.45626,42300000,42300000,https://www.sec.gov/Archives/edgar/data/1013237/000143774915007095/0001437749-15-007095-index.html,https://www.sec.gov/Archives/edgar/data/1013237/000143774915007095/fds20150228_10q.htm
0,2014-11-30,FDS,2015-01-09,2015-01-09 14:35:15,Q1,242700000,97500000,145100000,0.597857,0.0,64900000,0.0,97543000,64900000,162400000,400000.0,8200000.0,89300000,0.367944,80300000,0.330861,0.0,80700000,0.332509,24800000,55900000,0.230326,1.32151,1.32151,42300000,42300000,https://www.sec.gov/Archives/edgar/data/1013237/000143774914019084/fds20140831_10k.htm,https://www.sec.gov/Archives/edgar/data/1013237/000143774914019084/fds20140831_10k.htm
0,2014-08-31,FDS,2014-10-30 00:00:00,2014-10-30 13:46:05,Q4,238700000,92500000,146100000,0.612065,0.0,66800000,0.0,92521000,66800000.00000001,159300000,200000.0,8500000.0,88300000,0.36992,79400000,0.332635,0.0,79600000,0.333473,24200000,55400000,0.23209,1.3066,1.3066,42400000,42400000,https://www.sec.gov/Archives/edgar/data/1013237/000143774914019084/0001437749-14-019084-index.html,https://www.sec.gov/Archives/edgar/data/1013237/000143774914019084/fds20140831_10k.htm
0,2014-05-31,FDS,2014-07-10 00:00:00,2014-07-10 15:05:00,Q3,231800000,90700000,141100000,0.608714,0.0,68100000,0.0,90661000,67999999.99999999,158700000,300000.0,8500000.0,82100000,0.354185,73000000,0.314927,0.0,73400000,0.316652,21800000,51500000,0.222174,1.20892,1.20892,42600000,42600000,https://www.sec.gov/Archives/edgar/data/1013237/000143774914012621/0001437749-14-012621-index.html,https://www.sec.gov/Archives/edgar/data/1013237/000143774914012621/fds20140531_10q.htm
0,2014-02-28,FDS,2014-04-09 00:00:00,2014-04-09 15:39:03,Q2,226900000,87300000,139700000,0.61569,0.0,64600000,0.0,87254000,64600000.00000001,151900000,300000.0,8599999.999999998,84300000,0.371529,75100000,0.330983,0.0,75400000,0.332305,23000000,52400000,0.230939,1.21578,1.21578,43100000,43100000,https://www.sec.gov/Archives/edgar/data/1013237/000143774914006351/0001437749-14-006351-index.html,https://www.sec.gov/Archives/edgar/data/1013237/000143774914006351/fds20140228_10q.htm
0,2013-11-30,FDS,2014-01-09,2014-01-09 14:52:28,Q1,223000000,83300000,139700000,0.626457,0.0,65000000,0.0,83250000,64899999.99999999,148200000,300000.0,8800000.0,84200000,0.377578,74700000,0.334978,0.0,75100000,0.336771,22900000,52200000,0.234081,1.20554,1.20554,43300000,43300000,https://www.sec.gov/Archives/edgar/data/1013237/000143774913013610/fds20130831_10k.htm,https://www.sec.gov/Archives/edgar/data/1013237/000143774913013610/fds20130831_10k.htm
0,2013-08-31,FDS,2013-10-30 00:00:00,2013-10-30 15:42:35,Q4,219300000,80200000,139100000,0.634291,0.0,68100000,0.0,80231000,68600000.00000001,148800000,300000.0,8899999.999999998,80100000,0.365253,70500000,0.321477,0.0,70900000,0.323301,19900000,51000000,0.232558,1.14865,1.14865,44400000,44400000,https://www.sec.gov/Archives/edgar/data/1013237/000143774913013610/0001437749-13-013610-index.html,https://www.sec.gov/Archives/edgar/data/1013237/000143774913013610/fds20130831_10k.htm
0,2013-05-31,FDS,2013-07-10 00:00:00,2013-07-10 13:49:14,Q3,214600000,76700000,137900000,0.642591,0.0,66300000,0.0,76721000,66300000,143000000,400000.0,8899999.999999998,81300000,0.378844,71600000,0.333644,0.0,72000000,0.335508,18600000,53400000,0.248835,1.2,1.2,44500000,44500000,https://www.sec.gov/Archives/edgar/data/1013237/000143774913008617/0001437749-13-008617-index.html,https://www.sec.gov/Archives/edgar/data/1013237/000143774913008617/fds20130628_10q.htm
0,2013-02-28,FDS,2013-04-09 00:00:00,2013-04-09 11:43:40,Q2,213100000,75800000,137200000,0.643829,0.0,81100000,0.0,75841000,81100000.00000001,156900000,400000.0,9100000.0,66000000,0.309714,56200000,0.263726,0.0,56500000,0.265134,12000000,44500000,0.208822,1.0,1.0,44500000,44500000,https://www.sec.gov/Archives/edgar/data/1013237/000143774913004187/0001437749-13-004187-index.html,https://www.sec.gov/Archives/edgar/data/1013237/000143774913004187/fds_10q-022813.htm
0,2012-11-30,FDS,2013-01-09 00:00:00,2013-01-09 13:23:59,Q1,211100000,73600000,137500000,0.65135,0.0,66400000,0.0,73586000,66400000,140000000,400000.0,8900000.0,80800000,0.382757,71100000,0.336807,0.0,71500000,0.338702,21700000,49800000,0.235907,1.10667,1.10667,45000000,45000000,https://www.sec.gov/Archives/edgar/data/1013237/000143774913000323/0001437749-13-000323-index.html,https://www.sec.gov/Archives/edgar/data/1013237/000143774913000323/frs_10q-113012.htm
0,2012-08-31,FDS,2012-10-30 00:00:00,2012-10-30 12:53:58,Q4,207700000,72300000,135400000,0.651902,0.0,64700000,0.0,72294000,64700000,137000000,500000.0,8799999.999999996,80300000,0.386615,70600000,0.339913,0.0,71100000,0.342321,22500000,48500000,0.23351,1.07301,1.07301,45200000,45200000,https://www.sec.gov/Archives/edgar/data/1013237/000143774912010651/0001437749-12-010651-index.html,https://www.sec.gov/Archives/edgar/data/1013237/000143774912010651/fds_10k-083112.htm
0,2012-05-31,FDS,2012-07-10 00:00:00,2012-07-10 16:36:11,Q3,202300000,68900000,133400000,0.659417,0.0,64900000,0.0,68879000,64900000,133800000,500000.0,8300000.0,77800000,0.384577,68500000,0.338606,0.0,69000000,0.341078,21000000,48000000,0.237271,1.05033,1.05033,45700000,45700000,https://www.sec.gov/Archives/edgar/data/1013237/000143774912006806/0001437749-12-006806-index.html,https://www.sec.gov/Archives/edgar/data/1013237/000143774912006806/frs_10q-053112.htm
0,2012-02-29,FDS,2012-04-09,2012-04-09 14:07:07,Q2,199400000,67500000,131800000,0.660983,0.0,64700000,0.0,67531000,64800000.00000001,132300000.00000001,500000.0,8299999.999999999,76400000,0.383149,67100000,0.33651,0.0,67600000,0.339017,20900000,46700000,0.234203,1.02188,1.02188,45700000,45700000,https://www.sec.gov/Archives/edgar/data/1013237/000143774912003528/factset_10q-022912.htm,https://www.sec.gov/Archives/edgar/data/1013237/000143774912003528/factset_10q-022912.htm
0,2011-11-30,FDS,2012-01-09 00:00:00,2012-01-09 13:50:48,Q1,196400000,66800000,129600000,0.659878,0.0,62900000,0.0,66833000,62899999.99999999,129699999.99999999,300000.0,8400000.0,75700000,0.385438,66800000,0.340122,0.0,67000000,0.341141,21500000,45500000,0.23167,0.98698,0.98698,46100000,46100000,https://www.sec.gov/Archives/edgar/data/1013237/000143774912000310/0001437749-12-000310-index.html,https://www.sec.gov/Archives/edgar/data/1013237/000143774912000310/fsrs_10q-113011.htm
0,2011-08-31,FDS,2011-10-31 00:00:00,2011-10-31 15:35:51,Q4,191900000,65500000,126500000,0.659197,0.0,67500000,0.0,65477000,67400000,132900000,200000.0,8799999.999999996,68200000,0.355393,59000000,0.307452,0.0,59200000,0.308494,18300000,40900000,0.213132,0.86287,0.86287,47400000,47400000,https://www.sec.gov/Archives/edgar/data/1013237/000119312511288590/0001193125-11-288590-index.html,https://www.sec.gov/Archives/edgar/data/1013237/000119312511288590/d235920d10k.htm
0,2011-05-31,FDS,2011-07-11 00:00:00,2011-07-11 15:50:33,Q3,183600000,62200000,121400000,0.66122,0.0,59600000,0.0,179146000,59599999.99999999,121800000,200000.0,9200000.0,71400000,0.388889,61800000,0.336601,0.0,62000000,0.337691,18700000,43300000,0.235839,0.91737,0.91737,47200000,47200000,https://www.sec.gov/Archives/edgar/data/1013237/000119312511185908/0001193125-11-185908-index.html,https://www.sec.gov/Archives/edgar/data/1013237/000119312511185908/d10q.htm
0,2011-02-28,FDS,2011-04-06 00:00:00,2011-04-06 13:21:36,Q2,177600000,60100000,117500000,0.661599,0.0,59400000,0.0,60137000,59400000,119500000,100000.0,9400000.0,67800000,0.381757,58100000,0.32714,0.0,58200000,0.327703,13000000,45300000,0.255068,0.9557,0.9557,47400000,47400000,https://www.sec.gov/Archives/edgar/data/1013237/000119312511089990/0001193125-11-089990-index.html,https://www.sec.gov/Archives/edgar/data/1013237/000119312511089990/d10q.htm
0,2010-11-30,FDS,2011-01-10,2011-01-10 15:11:01,Q1,173300000,56800000,116500000,0.672245,0.0,57100000,0.0,56785000,57100000.00000001,113900000.00000001,100000.0,9400000.0,69100000,0.398731,59400000,0.342758,0.0,59600000,0.343912,18000000,41600000,0.240046,0.87579,0.87579,47500000,47500000,https://www.sec.gov/Archives/edgar/data/1013237/000119312510241170/d10k.htm,https://www.sec.gov/Archives/edgar/data/1013237/000119312510241170/d10k.htm
0,2010-08-31,FDS,2010-10-29 00:00:00,2010-10-29 15:32:44,Q4,168200000,53900000,114300000,0.679548,0.0,56900000,0.0,53918000,56900000,110800000,100000.0,9899999.999999998,67500000,0.401308,57400000,0.34126,0.0,57500000,0.341855,18200000,39300000,0.23365,0.83087,0.83087,47300000,47300000,https://www.sec.gov/Archives/edgar/data/1013237/000119312510241170/0001193125-10-241170-index.html,https://www.sec.gov/Archives/edgar/data/1013237/000119312510241170/d10k.htm
0,2010-05-31,FDS,2010-07-09 00:00:00,2010-07-09 17:05:22,Q3,160300000,51400000,108900000,0.679351,0.0,53300000,0.0,51355000,53199999.99999999,104600000,100000.0,9200000.0,65100000,0.406114,55700000,0.347473,0.0,55800000,0.348097,17100000,38700000,0.241422,0.81132,0.81132,47700000,47700000,https://www.sec.gov/Archives/edgar/data/1013237/000119312510156656/0001193125-10-156656-index.html,https://www.sec.gov/Archives/edgar/data/1013237/000119312510156656/d10q.htm
0,2010-02-28,FDS,2010-04-09 00:00:00,2010-04-09 14:01:22,Q2,157300000,50900000,106400000,0.676414,0.0,51900000,0.0,50870000,51900000,102800000,200000.0,9100000.0,63900000,0.40623,54500000,0.346472,0.0,54600000,0.347107,18500000,36100000,0.229498,0.75052,0.75052,48100000,48100000,https://www.sec.gov/Archives/edgar/data/1013237/000119312510080345/0001193125-10-080345-index.html,https://www.sec.gov/Archives/edgar/data/1013237/000119312510080345/d10q.htm
0,2009-11-30,FDS,2010-01-08 00:00:00,2010-01-08 16:20:29,Q1,155200000,50400000,104800000,0.675258,0.0,50800000,0.0,50407000,50800000.00000001,101200000,200000.0,9100000.0,63500000,0.409149,54000000,0.347938,0.0,54300000,0.349871,18100000,36100000,0.232603,0.73824,0.73824,48900000,48900000,https://www.sec.gov/Archives/edgar/data/1013237/000119312510003531/0001193125-10-003531-index.html,https://www.sec.gov/Archives/edgar/data/1013237/000119312510003531/d10q.htm
0,2009-08-31,FDS,2009-10-30 00:00:00,2009-10-30 14:34:10,Q4,155500000,52600000,102800000,0.661093,0.0,48500000,0.0,254276000,48499999.99999999,101099999.99999999,100000.0,8699999.999999996,63299999.99999999,0.407074,54400000,0.349839,0.0,54500000,0.350482,18200000,36300000,0.233441,0.74233,0.74233,48900000,48900000,https://www.sec.gov/Archives/edgar/data/1013237/000119312509218675/0001193125-09-218675-index.html,https://www.sec.gov/Archives/edgar/data/1013237/000119312509218675/d10k.htm
0,2009-05-31,FDS,2009-07-10 00:00:00,2009-07-10 10:15:35,Q3,154400000,50800000,103500000,0.670337,0.0,50200000,0.0,50847000,50300000,101100000,200000.0,8600000.000000002,62300000,0.403497,53300000,0.345207,0.0,53500000,0.346503,15000000,38500000,0.249352,0.78893,0.78893,48800000,48800000,https://www.sec.gov/Archives/edgar/data/1013237/000119312509147061/0001193125-09-147061-index.html,https://www.sec.gov/Archives/edgar/data/1013237/000119312509147061/d10q.htm
0,2009-02-28,FDS,2009-04-09 00:00:00,2009-04-09 10:01:00,Q2,156500000,52500000,104000000,0.664537,0.0,52000000,0.0,52538000,52000000,104500000,200000.0,8500000.0,61000000,0.389776,52000000,0.332268,0.0,52200000,0.333546,17700000,34600000,0.221086,0.7134,0.7134,48500000,48500000,https://www.sec.gov/Archives/edgar/data/1013237/000116923209002037/0001169232-09-002037-index.html,https://www.sec.gov/Archives/edgar/data/1013237/000116923209002037/d76692_10-q.htm
0,2008-11-30,FDS,2009-01-09 00:00:00,2009-01-09 12:29:18,Q1,155600000,53300000,102300000,0.657455,0.0,51000000,0.0,53332000,51000000,104300000,600000.0,8500000.0,61100000,0.392674,51300000,0.329692,0.0,51900000,0.333548,16400000,35600000,0.228792,0.72505,0.72505,49100000,49100000,https://www.sec.gov/Archives/edgar/data/1013237/000119312509003859/0001193125-09-003859-index.html,https://www.sec.gov/Archives/edgar/data/1013237/000119312509003859/d10q.htm
0,2008-08-31,FDS,2008-10-30 00:00:00,2008-10-30 16:52:47,Q4,153700000,50700000,103000000,0.670137,0.0,52800000,0.0,251077000,52800000,103500000,800000.0,8200000.0,60100000,0.391021,50200000,0.32661,0.0,51100000,0.332466,17500000,33600000,0.218608,0.66799,0.66799,50300000,50300000,https://www.sec.gov/Archives/edgar/data/1013237/000119312508220373/0001193125-08-220373-index.html,https://www.sec.gov/Archives/edgar/data/1013237/000119312508220373/d10k.htm
0,2008-05-31,FDS,2008-07-10 00:00:00,2008-07-10 14:43:23,Q3,147400000,48100000,99300000,0.673677,0.0,51300000,0.0,48134000,51400000,99500000,900000.0,7600000.0,57200000,0.38806,47900000,0.324966,0.0,48800000,0.331072,16200000,32500000,0.220488,0.65261,0.65261,49800000,49800000,https://www.sec.gov/Archives/edgar/data/1013237/000119312508149240/0001193125-08-149240-index.html,https://www.sec.gov/Archives/edgar/data/1013237/000119312508149240/d10q.htm
0,2008-02-29,FDS,2008-04-09 00:00:00,2008-04-09 14:28:27,Q2,140200000,47500000,92800000,0.661912,0.0,49500000,0.0,47478000,49500000,97000000,1400000.0,7800000.000000001,53900000,0.384451,43200000,0.308131,0.0,44700000,0.31883,15200000,29500000,0.210414,0.59,0.59,50000000,50000000,https://www.sec.gov/Archives/edgar/data/1013237/000119312508077957/0001193125-08-077957-index.html,https://www.sec.gov/Archives/edgar/data/1013237/000119312508077957/d10q.htm
0,2007-11-30,FDS,2008-01-09,2008-01-09 15:19:03,Q1,134200000,44900000,89200000,0.66468,0.0,46700000,0.0,44943000,46800000.00000001,91700000,2000000.0,7100000.0,53600000,0.399404,42500000,0.316692,0.0,44500000,0.331595,15100000,29400000,0.219076,0.58103,0.58103,50600000,50600000,https://www.sec.gov/Archives/edgar/data/1013237/000119312507229389/d10k.htm,https://www.sec.gov/Archives/edgar/data/1013237/000119312507229389/d10k.htm
0,2007-08-31,FDS,2007-10-30 00:00:00,2007-10-30 13:41:59,Q4,129500000,41700000,87800000,0.677992,0.0,45200000,0.0,41697000,45200000,86900000,2400000.0,7400000.000000002,54800000,0.423166,42700000,0.32973,0.0,45000000,0.34749,14300000,30700000,0.237066,0.60078,0.60078,51100000,51100000,https://www.sec.gov/Archives/edgar/data/1013237/000119312507229389/0001193125-07-229389-index.html,https://www.sec.gov/Archives/edgar/data/1013237/000119312507229389/d10k.htm
0,2007-05-31,FDS,2007-07-10 00:00:00,2007-07-10 07:26:41,Q3,121100000,39400000,81600000,0.673823,0.0,42400000,0.0,39429000,42500000.00000001,81900000.00000001,2100000.0,7600000.0,51100000,0.421965,39200000,0.323699,0.0,41400000,0.341866,12800000,28600000,0.236168,0.55642,0.55642,51400000,51400000,https://www.sec.gov/Archives/edgar/data/1013237/000119312507152122/0001193125-07-152122-index.html,https://www.sec.gov/Archives/edgar/data/1013237/000119312507152122/d10q.htm
0,2007-02-28,FDS,2007-04-09 00:00:00,2007-04-09 10:13:05,Q2,116300000,36700000,79600000,0.684437,0.0,41800000,0.0,36730000,41800000,78500000,1800000.0,7000000.0,48400000,0.416165,37800000,0.325021,0.0,39600000,0.340499,13100000,26500000,0.227859,0.51657,0.51657,51300000,51300000,https://www.sec.gov/Archives/edgar/data/1013237/000119312507076714/0001193125-07-076714-index.html,https://www.sec.gov/Archives/edgar/data/1013237/000119312507076714/d10q.htm
0,2006-11-30,FDS,2007-01-09,2007-01-09 10:46:06,Q1,108900000,34900000,73900000,0.678604,0.0,38500000,0.0,34941000,38600000,73500000,1500000.0,6600000.0,45000000,0.413223,35400000,0.325069,0.0,36900000,0.338843,13100000,23800000,0.218549,0.46575,0.46575,51100000,51100000,https://www.sec.gov/Archives/edgar/data/1013237/000110465906074114/a06-22686_110k.htm,https://www.sec.gov/Archives/edgar/data/1013237/000110465906074114/a06-22686_110k.htm
0,2006-08-31,FDS,2006-11-13,2006-11-13 09:08:50,Q4,105200000,32600000,72600000,0.690114,0.0,39300000,0.0,32623000,39300000.00000001,71900000,1400000.0,6600000.000000001,42700000,0.405894,33300000,0.31654,0.0,34700000,0.329848,11300000,23400000,0.222433,0.45972,0.45972,50900000,50900000,https://www.sec.gov/Archives/edgar/data/1013237/000110465906074114/a06-22686_110k.htm,https://www.sec.gov/Archives/edgar/data/1013237/000110465906074114/a06-22686_110k.htm
0,2006-05-31,FDS,2006-07-10,2006-07-10 14:56:39,Q3,98800000,31500000,67300000,0.681174,0.0,36300000,0.0,31543000,36400000.00000001,67900000,1100000.0,6299999.999999999,39400000,0.398785,31000000,0.313765,0.0,32000000,0.323887,11000000,21000000,0.212551,0.41257,0.41257,50900000,50900000,https://www.sec.gov/Archives/edgar/data/1013237/000119312506143960/d10q.htm,https://www.sec.gov/Archives/edgar/data/1013237/000119312506143960/d10q.htm
0,2006-02-28,FDS,2006-04-10,2006-04-10 13:43:03,Q2,93700000,29100000,64500000,0.688367,0.0,34900000,0.0,29122000,34900000,64000000,600000.0,5700000.0,36500000,0.389541,29600000,0.315902,0.0,30200000,0.322305,11000000,19200000,0.204909,0.37795,0.37795,50800000,50800000,https://www.sec.gov/Archives/edgar/data/1013237/000119312506076660/d10q.htm,https://www.sec.gov/Archives/edgar/data/1013237/000119312506076660/d10q.htm
0,2005-11-30,FDS,2006-01-09,2006-01-09 14:30:20,Q1,89700000,28100000,61600000,0.686734,0.0,34200000,0.0,28064000,34199999.99999999,62299999.99999999,1700000.0,5700000.0,36500000,0.406912,27400000,0.305463,0.0,29100000,0.324415,9900000.0,19200000,0.214047,0.38323,0.38323,50100000,50100000,https://www.sec.gov/Archives/edgar/data/1013237/000104746905026820/a2164963z10-k.htm,https://www.sec.gov/Archives/edgar/data/1013237/000104746905026820/a2164963z10-k.htm
0,2005-08-31,FDS,2005-11-14,2005-11-14 10:27:05,Q4,82800000,24700000,58000000,0.700483,0.0,29300000,0.0,24731000,29300000,54000000,400000.0,4800000.000000001,34400000,0.415459,28800000,0.347826,0.0,29200000,0.352657,10600000,18600000,0.224638,0.36905,0.36905,50400000,50400000,https://www.sec.gov/Archives/edgar/data/1013237/000104746905026820/a2164963z10-k.htm,https://www.sec.gov/Archives/edgar/data/1013237/000104746905026820/a2164963z10-k.htm
0,2005-05-31,FDS,2005-07-11,2005-07-11 12:52:41,Q3,79300000,23800000,55600000,0.701135,0.0,28200000,0.0,23770000,28200000,52000000,300000.0,4400000.0,32400000,0.408575,27400000,0.345523,0.0,27700000,0.349306,8100000.0,19600000,0.247163,0.392,0.392,50000000,50000000,https://www.sec.gov/Archives/edgar/data/1013237/000119312505140114/d10q.htm,https://www.sec.gov/Archives/edgar/data/1013237/000119312505140114/d10q.htm
0,2005-02-28,FDS,2005-04-11,2005-04-11 13:11:28,Q2,76500000,21300000,55200000,0.721569,0.0,28100000,0.0,21293000,28099999.999999996,49400000,200000.0,4500000.0,32000000,0.418301,27000000,0.352941,0.0,27200000,0.355556,10100000,17200000,0.224837,0.34127,0.34127,50400000,50400000,https://www.sec.gov/Archives/edgar/data/1013237/000119312505073668/d10q.htm,https://www.sec.gov/Archives/edgar/data/1013237/000119312505073668/d10q.htm
0,2004-11-30,FDS,2005-01-10 00:00:00,2005-01-10 17:12:03,Q1,74100000,22000000,52100000,0.703104,0.0,26200000,0.0,22007000,26200000.000000004,48200000,200000.0,4600000.0,30800000,0.415655,25800000,0.348178,0.0,26000000,0.350877,9600000.0,16400000,0.221323,0.328,0.328,50000000,50000000,https://www.sec.gov/Archives/edgar/data/1013237/000119312505003952/0001193125-05-003952-index.html,https://www.sec.gov/Archives/edgar/data/1013237/000119312505003952/d10q.htm
0,2004-08-31,FDS,2004-11-10 00:00:00,2004-11-10 12:47:02,Q4,67700000,19700000,48000000,0.70901,0.0,24700000,0.0,19727000,24800000,44500000,100000.0,4000000.0,27500000,0.406204,23200000,0.342688,0.0,23400000,0.345643,8700000.0,14700000,0.217134,0.3,0.3,49000000,49000000,https://www.sec.gov/Archives/edgar/data/1013237/000119312504192497/0001193125-04-192497-index.html,https://www.sec.gov/Archives/edgar/data/1013237/000119312504192497/d10k.htm
0,2004-05-31,FDS,2004-07-15 00:00:00,2004-07-15 15:43:22,Q3,63600000,18400000,45200000,0.710692,0.0,23400000,0.0,-23623000,23400000,41800000,200000.0,3199999.999999999,25500000,0.400943,21800000,0.342767,0.0,22100000,0.347484,7400000.0,14700000,0.231132,0.30123,0.30123,48800000,48800000,https://www.sec.gov/Archives/edgar/data/1013237/000101323704000054/0001013237-04-000054-index.html,https://www.sec.gov/Archives/edgar/data/1013237/000101323704000054/form10q-03_04.htm
0,2004-02-29,FDS,2004-04-14 00:00:00,2004-04-14 17:10:36,Q2,61400000,18200000,43200000,0.703583,0.0,21700000,0.0,60212000,21700000,39900000,700000.0,3099999.9999999995,26000000,0.423453,21500000,0.350163,0.0,22200000,0.361564,7500000.0,14700000,0.239414,0.28711,0.28711,51200000,51200000,https://www.sec.gov/Archives/edgar/data/1013237/000101323704000043/0001013237-04-000043-index.html,https://www.sec.gov/Archives/edgar/data/1013237/000101323704000043/form10q-02_04.htm
0,2003-11-30,FDS,2004-01-14 00:00:00,2004-01-14 13:55:30,Q1,59300000,17900000,41400000,0.698145,0.0,20300000,0.0,17875000,20300000.000000004,38200000.00000001,700000.0,4400000.0,26900000,0.453626,21000000,0.354132,0.0,21800000,0.367622,7900000.0,13900000,0.234401,0.26079,0.26079,53300000,53300000,https://www.sec.gov/Archives/edgar/data/1013237/000101323704000017/0001013237-04-000017-index.html,https://www.sec.gov/Archives/edgar/data/1013237/000101323704000017/form10q-01_04.htm
0,2003-08-31,FDS,2003-11-25 00:00:00,2003-11-25 08:00:15,Q4,57600000,17500000,40100000,0.696181,0.0,19600000,0.0,11633000,19600000,37100000,600000.0,4500000.0,26200000,0.454861,20500000,0.355903,0.0,21100000,0.366319,7600000.0,13500000,0.234375,0.25424,0.25424,53100000,53100000,https://www.sec.gov/Archives/edgar/data/1013237/000095013503005820/0000950135-03-005820-index.html,https://www.sec.gov/Archives/edgar/data/1013237/000095013503005820/b48557fre10vk.htm
0,2003-05-31,FDS,2003-07-15 00:00:00,2003-07-15 16:45:13,Q3,56800000,16700000,40200000,0.707746,0.0,20700000,0.0,18947000,20599999.999999996,37300000,500000.0,4300000.000000001,24800000,0.43662,19500000,0.34331,0.0,20000000,0.352113,5700000.0,14300000,0.251761,0.27553,0.27553,51900000,51900000,https://www.sec.gov/Archives/edgar/data/1013237/000101323703000039/0001013237-03-000039-index.html,https://www.sec.gov/Archives/edgar/data/1013237/000101323703000039/q3-2003.htm
0,2003-02-28,FDS,2003-04-14 00:00:00,2003-04-14 14:30:53,Q2,55100000,16400000,38700000,0.702359,0.0,19800000,0.0,17960000,19800000.000000004,36200000.00000001,500000.0,4399999.999999999,24300000,0.441016,18900000,0.343013,0.0,19400000,0.352087,7300000.0,12100000,0.219601,0.23359,0.23359,51800000,51800000,https://www.sec.gov/Archives/edgar/data/1013237/000101323703000028/0001013237-03-000028-index.html,https://www.sec.gov/Archives/edgar/data/1013237/000101323703000028/q2-2003.htm
0,2002-11-30,FDS,2003-01-14 00:00:00,2003-01-14 11:38:50,Q1,52800000,15800000,37100000,0.702652,0.0,19200000,0.0,17746000,19200000,35000000,600000.0,4300000.0,23300000,0.441288,17900000,0.339015,0.0,18500000,0.350379,6900000.0,11500000,0.217803,0.22073,0.22073,52100000,52100000,https://www.sec.gov/Archives/edgar/data/1013237/000101323703000017/0001013237-03-000017-index.html,https://www.sec.gov/Archives/edgar/data/1013237/000101323703000017/q1-2003.htm
0,2002-08-31,FDS,2002-11-26 00:00:00,2002-11-26 11:51:28,Q4,54100000,17700000,36400000,0.672828,0.0,19000000,0.0,17709000,19000000.000000004,36700000.00000001,600000.0,4500000.0,23100000,0.426987,17300000,0.319778,0.0,18000000,0.332717,6800000.0,11200000,0.207024,0.21538,0.21538,52000000,52000000,https://www.sec.gov/Archives/edgar/data/1013237/000101323702000114/0001013237-02-000114-index.html,https://www.sec.gov/Archives/edgar/data/1013237/000101323702000114/f10k.htm
0,2002-05-31,FDS,2002-07-15 00:00:00,2002-07-15 13:28:37,Q3,52400000,17300000,35100000,0.669847,0.0,19000000,0.0,17339000,18999999.999999996,36299999.99999999,500000.0,4300000.000000001,21500000,0.410305,16100000,0.307252,0.0,16600000,0.316794,6300000.0,10400000,0.198473,0.19697,0.19697,52800000,52800000,https://www.sec.gov/Archives/edgar/data/1013237/000101323702000065/0001013237-02-000065-index.html,https://www.sec.gov/Archives/edgar/data/1013237/000101323702000065/q3-2002.htm
0,2002-02-28,FDS,2002-04-12 00:00:00,2002-04-12 00:00:00,Q2,50400000,16600000,33800000,0.670635,0.0,18700000,0.0,16598000,18699999.999999996,35299999.99999999,600000.0,4500000.0,20700000,0.410714,15000000,0.297619,0.0,15600000,0.309524,4900000.0,10700000,0.212302,0.20342,0.20342,52600000,52600000,https://www.sec.gov/Archives/edgar/data/1013237/000101323702000053/0001013237-02-000053-index.html,https://www.sec.gov/Archives/edgar/data/1013237/000101323702000053/q2-2002.htm
0,2001-11-30,FDS,2002-01-14 00:00:00,2002-01-14 00:00:00,Q1,49000000,16300000,32700000,0.667347,0.0,18400000,0.0,17205000,19300000,35600000,600000.0,5000000.0,19600000,0.4,13400000,0.273469,0.0,14000000,0.285714,5400000.0,8600000.0,0.17551,0.1657,0.1657,51900000,51900000,https://www.sec.gov/Archives/edgar/data/1013237/000101323702000013/0001013237-02-000013-index.html,https://www.sec.gov/Archives/edgar/data/1013237/000101323702000013/q1-2002.htm
0,2001-08-31,FDS,2001-11-20 00:00:00,2001-11-20 00:00:00,Q4,47500000,17000000,30500000,0.642105,0.0,16900000,0.0,0.0,16900000,33900000,600000.0,4600000.0,19400000,0.408421,13600000,0.286316,0.0,14200000,0.298947,5500000.0,8700000.0,0.183158,0.16699,0.16699,52100000,52100000,https://www.sec.gov/Archives/edgar/data/1013237/000101323701500062/0001013237-01-500062-index.html,https://www.sec.gov/Archives/edgar/data/1013237/000101323701500062/f10kstart.htm
0,2001-05-31,FDS,2001-07-12 00:00:00,2001-07-12 00:00:00,Q3,45400000,15900000,29500000,0.64978,0.0,16500000,0.0,0.0,16500000,32400000,800000.0,4300000.000000001,18900000,0.4163,13000000,0.286344,0.0,13800000,0.303965,5200000.0,8600000.0,0.189427,0.16507,0.16507,52100000,52100000,https://www.sec.gov/Archives/edgar/data/1013237/000101323701500018/0001013237-01-500018-index.html,https://www.sec.gov/Archives/edgar/data/1013237/000101323701500018/q3f2001.htm
0,2001-02-28,FDS,2001-04-12 00:00:00,2001-04-12 00:00:00,Q2,42900000,14600000,28400000,0.662005,0.0,15800000,0.0,0.0,15799999.999999998,30400000,900000.0,3800000.0,18200000,0.424242,12500000,0.291375,0.0,13500000,0.314685,5100000.0,8400000.0,0.195804,0.16092,0.16092,52200000,52200000,https://www.sec.gov/Archives/edgar/data/1013237/000101323701000036/0001013237-01-000036-index.html,https://www.sec.gov/Archives/edgar/data/1013237/000101323701000036/0001013237-01-000036-0001.txt
0,2000-11-30,FDS,2001-01-12 00:00:00,2001-01-12 00:00:00,Q1,40900000,14100000,26800000,0.655257,0.0,15000000,0.0,0.0,15000000.000000002,29100000.000000004,900000.0,3800000.0,17500000,0.427873,11800000,0.288509,0.0,12700000,0.310513,5000000.0,7800000.0,0.190709,0.14943,0.14943,52200000,52200000,https://www.sec.gov/Archives/edgar/data/1013237/000101323701000006/0001013237-01-000006-index.html,https://www.sec.gov/Archives/edgar/data/1013237/000101323701000006/0001013237-01-000006-0001.txt
0,2000-08-31,FDS,2000-11-22 00:00:00,2000-11-22 00:00:00,Q4,37100000,12000000,25200000,0.679245,0.0,14100000,0.0,0.0,14100000.000000002,26100000,800000.0,3200000.000000001,15900000.000000002,0.428571,11100000,0.299191,0.0,11900000,0.320755,4600000.0,7300000.0,0.196765,0.14066,0.14066,51900000,51900000,https://www.sec.gov/Archives/edgar/data/1013237/000101323700000049/0001013237-00-000049-index.html,https://www.sec.gov/Archives/edgar/data/1013237/000101323700000049/0001013237-00-000049-0001.txt
0,2000-05-31,FDS,2000-07-14 00:00:00,2000-07-14 00:00:00,Q3,34300000,11400000,22900000,0.667638,0.0,12700000,0.0,0.0,15499999.999999998,26899999.999999996,1000000.0,2599999.9999999995,12000000,0.349854,7400000.0,0.215743,0.0,8400000.0,0.244898,3200000.0,5200000.0,0.151603,0.10039,0.10039,51800000,51800000,https://www.sec.gov/Archives/edgar/data/1013237/000101323700000036/0001013237-00-000036-index.html,https://www.sec.gov/Archives/edgar/data/1013237/000101323700000036/0001013237-00-000036-0001.txt
0,2000-02-29,FDS,2000-04-14 00:00:00,2000-04-14 00:00:00,Q2,32500000,11600000,20900000,0.643077,0.0,11700000,0.0,0.0,11600000,23200000,700000.0,3199999.9999999995,13800000,0.424615,9200000.0,0.283077,0.0,9900000.0,0.304615,2600000.0,7300000.0,0.224615,0.14038,0.14038,52000000,52000000,https://www.sec.gov/Archives/edgar/data/1013237/000101323700000034/0001013237-00-000034-index.html,https://www.sec.gov/Archives/edgar/data/1013237/0001013237-00-000034.txt
0,1999-11-30,FDS,2000-01-14 00:00:00,2000-01-14 00:00:00,Q1,30300000,10600000,19700000,0.650165,0.0,11000000,0.0,0.0,11000000.000000002,21600000.000000004,700000.0,2900000.0,12900000,0.425743,8700000.0,0.287129,0.0,9400000.0,0.310231,3800000.0,5500000.0,0.181518,0.10597,0.10597,51900000,51900000,https://www.sec.gov/Archives/edgar/data/1013237/000101323700000010/0001013237-00-000010-index.html,https://www.sec.gov/Archives/edgar/data/1013237/0001013237-00-000010.txt
0,1999-08-31,FDS,1999-11-23 00:00:00,1999-11-23 00:00:00,Q4,28300000,10300000,18000000,0.636042,0.0,10300000,0.0,0.0,10200000,20500000,600000.0,3000000.000000001,12000000.000000002,0.424028,7800000.0,0.275618,0.0,8400000.0,0.29682,3500000.0,4900000.0,0.173145,0.09533,0.09533,51400000,51400000,https://www.sec.gov/Archives/edgar/data/1013237/000101323799000032/0001013237-99-000032-index.html,https://www.sec.gov/Archives/edgar/data/1013237/0001013237-99-000032.txt
0,1999-05-31,FDS,1999-07-15 00:00:00,1999-07-15 00:00:00,Q3,26500000,9500000.0,16900000,0.637736,0.0,9600000.0,0.0,0.0,9600000.000000002,19100000,500000.0,2599999.9999999995,10800000,0.407547,7300000.0,0.275472,0.0,7800000.0,0.29434,2900000.0,4800000.0,0.181132,0.09393,0.09393,51100000,51100000,https://www.sec.gov/Archives/edgar/data/1013237/000101323799000029/0001013237-99-000029-index.html,https://www.sec.gov/Archives/edgar/data/1013237/0001013237-99-000029.txt
0,1999-02-28,FDS,1999-04-14 00:00:00,1999-04-14 00:00:00,Q2,25200000,9100000.0,16200000,0.642857,0.0,9200000.0,0.0,0.0,9200000.000000002,18300000,500000.0,2300000.0000000005,10200000,0.404762,7000000.0,0.277778,0.0,7400000.0,0.293651,2900000.0,4500000.0,0.178571,0.08929,0.08929,50400000,50400000,https://www.sec.gov/Archives/edgar/data/1013237/000101323799000024/0001013237-99-000024-index.html,https://www.sec.gov/Archives/edgar/data/1013237/0001013237-99-000024.txt
0,1998-11-30,FDS,1999-01-14 00:00:00,1999-01-14 00:00:00,Q1,23800000,8500000.0,15300000,0.642857,0.0,8700000.0,0.0,0.0,8700000.0,17200000,500000.0,1900000.0,9500000.0,0.39916,6600000.0,0.277311,0.0,7100000.0,0.298319,2800000.0,4300000.0,0.180672,0.08635,0.08635,49800000,49800000,https://www.sec.gov/Archives/edgar/data/1013237/000101323799000001/0001013237-99-000001-index.html,https://www.sec.gov/Archives/edgar/data/1013237/0001013237-99-000001.txt
0,1998-08-31,FDS,1998-11-25 00:00:00,1998-11-25 00:00:00,Q4,22200000,8400000.0,13800000,0.621622,0.0,6900000.0,0.0,900000.0,7700000.000000001,16100000.000000002,400000.0,2000000.0,8800000.0,0.396396,6000000.0,0.27027,0.0,6400000.0,0.288288,2800000.0,3600000.0,0.162162,0.07214,0.07214,49900000,49900000,https://www.sec.gov/Archives/edgar/data/1013237/000101323798000014/0001013237-98-000014-index.html,https://www.sec.gov/Archives/edgar/data/1013237/0001013237-98-000014.txt
0,1998-05-31,FDS,1998-07-15 00:00:00,1998-07-15 00:00:00,Q3,20200000,7700000.0,12500000,0.618812,0.0,6400000.0,0.0,700000.0,7100000.000000001,14800000,400000.0,1999999.9999999995,8200000.0,0.405941,5400000.0,0.267327,0.0,5800000.0,0.287129,2500000.0,3300000.0,0.163366,0.0664,0.0664,49700000,49700000,https://www.sec.gov/Archives/edgar/data/1013237/000101323798000008/0001013237-98-000008-index.html,https://www.sec.gov/Archives/edgar/data/1013237/0001013237-98-000008.txt
0,1998-02-28,FDS,1998-04-13 00:00:00,1998-04-13 00:00:00,Q2,19100000,7600000.0,11400000,0.596859,0.0,5800000.0,0.0,800000.0,6600000.0,14200000,400000.0,1500000.0,7400000.0,0.387435,4900000.0,0.256545,0.0,5200000.0,0.272251,2300000.0,3200000.0,0.167539,0.06491,0.06491,49300000,49300000,https://www.sec.gov/Archives/edgar/data/1013237/000101323798000006/0001013237-98-000006-index.html,https://www.sec.gov/Archives/edgar/data/1013237/0001013237-98-000006.txt
0,1997-11-30,FDS,1998-01-14 00:00:00,1998-01-14 00:00:00,Q1,17500000,6900000.0,10600000,0.605714,0.0,5300000.0,0.0,700000.0,6000000.0,12900000,400000.0,1100000.0,6500000.0,0.371429,4600000.0,0.262857,0.0,5000000.0,0.285714,2200000.0,2800000.0,0.16,0.05668,0.05668,49400000,49400000,https://www.sec.gov/Archives/edgar/data/1013237/000101323798000002/0001013237-98-000002-index.html,https://www.sec.gov/Archives/edgar/data/1013237/0001013237-98-000002.txt
0,1997-08-31,FDS,1997-11-26 00:00:00,1997-11-26 00:00:00,Q4,16500000,7800000.0,8700000.0,0.527273,0.0,4600000.0,0.0,0.0,4500000.000000001,12300000.000000002,300000.0,1200000.0000000002,5900000.0,0.357576,4100000.0,0.248485,0.0,4400000.0,0.266667,1900000.0,2500000.0,0.151515,0.05092,0.05092,49100000,49100000,https://www.sec.gov/Archives/edgar/data/1013237/000101323797000009/0001013237-97-000009-index.html,https://www.sec.gov/Archives/edgar/data/1013237/0001013237-97-000009.txt
0,1997-05-31,FDS,1997-07-14 00:00:00,1997-07-14 00:00:00,Q3,15100000,6000000.0,9100000.0,0.602649,0.0,4600000.0,0.0,600000.0,5199999.999999999,11199999.999999998,200000.0,1299999.9999999998,5700000.0,0.377483,3900000.0,0.258278,0.0,4100000.0,0.271523,1800000.0,2400000.0,0.15894,0.04928,0.04928,48700000,48700000,https://www.sec.gov/Archives/edgar/data/1013237/000101323797000005/0001013237-97-000005-index.html,https://www.sec.gov/Archives/edgar/data/1013237/0001013237-97-000005.txt
0,1997-02-28,FDS,1997-04-14 00:00:00,1997-04-14 00:00:00,Q2,14000000,5700000.0,8300000.0,0.592857,0.0,4300000.0,0.0,500000.0,4800000.0,10500000,200000.0,1300000.0000000002,5200000.0,0.371429,3500000.0,0.25,0.0,3700000.0,0.264286,1600000.0,2100000.0,0.15,0.04312,0.04312,48700000,48700000,https://www.sec.gov/Archives/edgar/data/1013237/000101323797000002/0001013237-97-000002-index.html,https://www.sec.gov/Archives/edgar/data/1013237/0001013237-97-000002.txt
0,1996-11-30,FDS,1997-01-09 00:00:00,1997-01-09 00:00:00,Q1,12800000,5100000.0,7700000.0,0.601563,0.0,3900000.0,0.0,500000.0,4400000.0,9500000.0,100000.0,900000.0,4500000.0,0.351563,3300000.0,0.257813,0.0,3500000.0,0.273438,1500000.0,2000000.0,0.15625,0.04107,0.04107,48700000,48700000,https://www.sec.gov/Archives/edgar/data/1013237/000101323797000001/0001013237-97-000001-index.html,https://www.sec.gov/Archives/edgar/data/1013237/0001013237-97-000001.txt
0,1996-08-31,FDS,1996-11-26 00:00:00,1996-11-26 00:00:00,Q4,12200000,4500000.0,7800000.0,0.639344,0.0,3500000.0,0.0,1300000.0,4699999.999999999,9199999.999999998,200000.0,799999.9999999998,4200000.0,0.344262,3000000.0,0.245902,0.0,3100000.0,0.254098,1400000.0,1800000.0,0.147541,0.03711,0.03711,48500000,48500000,https://www.sec.gov/Archives/edgar/data/1013237/000101323796000009/0001013237-96-000009-index.html,https://www.sec.gov/Archives/edgar/data/1013237/0001013237-96-000009.txt
