,date,symbol,fillingDate,acceptedDate,period,revenue,costOfRevenue,grossProfit,grossProfitRatio,researchAndDevelopmentExpenses,generalAndAdministrativeExpenses,sellingAndMarketingExpenses,otherExpenses,operatingExpenses,costAndExpenses,interestExpense,depreciationAndAmortization,ebitda,ebitdaratio,operatingIncome,operatingIncomeRatio,totalOtherIncomeExpensesNet,incomeBeforeTax,incomeBeforeTaxRatio,incomeTaxExpense,netIncome,netIncomeRatio,eps,epsdiluted,weightedAverageShsOut,weightedAverageShsOutDil,link,finalLink
0,2020-09-30,MPB,2020-11-09,2020-11-09 12:48:07,Q3,26122000,0.0,26122000,1.0,0.0,12427000,104000.0,2642.0,104.0,104.0,4714000.0,817.0,8253000.0,0.3159405864788301,7436.0,0.2846642676671005,565.0,7436000.0,0.2846642676671005,889000.0,6547000.0,0.25063165148150984,0.7779921504430289,0.7779921504430289,8415252.0,8418930.0,https://www.sec.gov/Archives/edgar/data/879635/000156459020052354/0001564590-20-052354-index.htm,https://www.sec.gov/Archives/edgar/data/879635/000156459020052354/mpb-10q_20200930.htm
0,2020-06-30,MPB,2020-08-07,2020-08-07 18:10:04,Q2,26188000,0.0,26188000,1.0,0.0,9875000.0,98000.0,2743.0,98.0,98.0,4842000.0,801.0,9316000.0,0.35573545135176415,8515.0,0.325148923170918,510.0,8515000.0,0.325148923170918,1682000.0,6833000.0,0.260921032533985,0.8119780607877221,0.8119780607877221,8415252.0,8418930.0,https://www.sec.gov/Archives/edgar/data/879635/000156459020038267/0001564590-20-038267-index.htm,https://www.sec.gov/Archives/edgar/data/879635/000156459020038267/mpb-10q_20200630.htm
0,2020-03-31,MPB,2020-05-11,2020-05-11 12:28:00,Q1,20599000,0.0,0.0,0.0,0.0,10152000,204000.0,0.0,0.0,0.0,6034000.0,0.0,0.0,0.0,0.0,0.2169037331909316,0.0,4468000.0,0.2169037331909316,650000.0,3818000.0,0.18534880333996795,0.45,0.45,8480975.0,8485831.0,https://www.sec.gov/Archives/edgar/data/879635/000156459020023969/0001564590-20-023969-index.htm,https://www.sec.gov/Archives/edgar/data/879635/000156459020010804/mpb-10k_20191231.htm
0,2019-12-31,MPB,2020-03-13,2020-03-13 16:02:39,Q4,21993000,0.0,0.0,0.0,0.0,10206000,263000.0,0.0,0.0,0.0,6630000.0,0.0,0.0,0.0,0.0,0.2543536579820852,0.0,5594000.0,0.2543536579820852,1186000.0,4408000.0,0.20042740872095666,0.0,0.0,0.0,0.0,https://www.sec.gov/Archives/edgar/data/879635/000156459020010804/0001564590-20-010804-index.htm,https://www.sec.gov/Archives/edgar/data/879635/000156459020010804/mpb-10k_20191231.htm
0,2019-09-30,MPB,2019-11-08,2019-11-08 13:28:38,Q3,20806000,0.0,0.0,0.0,0.0,9832000.0,238000.0,0.0,0.0,0.0,6746000.0,0.0,0.0,0.0,0.0,0.265404210323945,0.0,5522000.0,0.265404210323945,709000.0,4813000.0,0.23132750168220706,0.57,0.57,8473080.0,8473080.0,https://www.sec.gov/Archives/edgar/data/879635/000156459019042134/0001564590-19-042134-index.htm,https://www.sec.gov/Archives/edgar/data/879635/000156459019042134/mpb-10q_20190930.htm
0,2019-06-30,MPB,2019-08-07,2019-08-07 16:12:42,Q2,20626000,0.0,0.0,0.0,0.0,9598000.0,226000.0,0.0,0.0,0.0,6228000.0,0.0,0.0,0.0,0.0,0.2609812857558421,0.0,5383000.0,0.2609812857558421,980000.0,4403000.0,0.21346843789392028,0.52,0.52,8462522.0,8462522.0,https://www.sec.gov/Archives/edgar/data/879635/000156459019030071/0001564590-19-030071-index.htm,https://www.sec.gov/Archives/edgar/data/879635/000156459019030071/mpb-10q_20190630.htm
0,2019-03-31,MPB,2019-05-08,2019-05-08 11:58:46,Q1,19359000,0.0,0.0,0.0,0.0,9299000.0,179000.0,0.0,0.0,0.0,5560000.0,0.0,0.0,0.0,0.0,0.254506947672917,0.0,4927000.0,0.254506947672917,850000.0,4077000.0,0.2105997210599721,0.48,0.48,8460002.0,8460002.0,https://www.sec.gov/Archives/edgar/data/879635/000156459019016952/0001564590-19-016952-index.htm,https://www.sec.gov/Archives/edgar/data/879635/000156459019008349/mpb-10k_20181231.htm
0,2018-12-31,MPB,2019-03-19,2019-03-18 17:46:33,Q4,19866000,0.0,0.0,0.0,0.0,9721000.0,332000.0,0.0,0.0,0.0,4640000.0,0.0,0.0,0.0,0.0,0.28012684989429176,0.0,5565000.0,0.28012684989429176,916000.0,4649000.0,0.2340179200644317,0.0,0.0,0.0,0.0,https://www.sec.gov/Archives/edgar/data/879635/000156459019008349/0001564590-19-008349-index.htm,https://www.sec.gov/Archives/edgar/data/879635/000156459019008349/mpb-10k_20181231.htm
0,2018-09-30,MPB,2018-11-08,2018-11-08 16:13:53,Q3,18031000,0.0,0.0,0.0,0.0,7920000.0,274000.0,0.0,0.0,0.0,3672000.0,0.0,0.0,0.0,0.0,0.15040763130164717,0.0,2712000.0,0.15040763130164717,548000.0,2164000.0,0.12001552881149131,0.28,0.28,7695469.0,7695469.0,https://www.sec.gov/Archives/edgar/data/879635/000156459018028556/0001564590-18-028556-index.htm,https://www.sec.gov/Archives/edgar/data/879635/000156459018028556/mpb-10q_20180930.htm
0,2018-06-30,MPB,2018-08-07,2018-08-07 17:23:47,Q2,12972000,0.0,0.0,0.0,0.0,5533000.0,230000.0,0.0,0.0,0.0,2306000.0,0.0,0.0,0.0,0.0,0.2490749306197965,0.0,3231000.0,0.2490749306197965,452000.0,2779000.0,0.21423065063213073,0.45,0.45,6122757.0,6122757.0,https://www.sec.gov/Archives/edgar/data/879635/000156459018020041/0001564590-18-020041-index.htm,https://www.sec.gov/Archives/edgar/data/879635/000156459018020041/mpb-10q_20180630.htm
0,2018-03-31,MPB,2018-05-09,2018-05-09 13:47:01,Q1,12523000,0.0,0.0,0.0,0.0,6142000.0,189000.0,0.0,0.0,0.0,2102000.0,0.0,0.0,0.0,0.0,0.0971811866166254,0.0,1217000.0,0.0971811866166254,213000.0,1004000.0,0.0801724826319572,0.17,0.17,5974949.0,5974949.0,https://www.sec.gov/Archives/edgar/data/879635/000156459018012253/0001564590-18-012253-index.htm,https://www.sec.gov/Archives/edgar/data/879635/000156459018005445/mpb-10k_20171231.htm
0,2017-12-31,MPB,2018-03-13,2018-03-13 15:19:41,Q4,10818000,0.0,0.0,0.0,0.0,5089000.0,139000.0,0.0,0.0,0.0,1817000.0,0.0,0.0,0.0,0.0,0.24690330929931595,0.0,2671000.0,0.24690330929931595,2170000.0,501000.0,0.046311702717692735,0.0,0.0,0.0,0.0,https://www.sec.gov/Archives/edgar/data/879635/000156459018005445/0001564590-18-005445-index.htm,https://www.sec.gov/Archives/edgar/data/879635/000156459018005445/mpb-10k_20171231.htm
0,2017-09-30,MPB,2017-11-08,2017-11-08 14:44:25,Q3,11080000,0.0,0.0,0.0,0.0,5130000.0,139000.0,0.0,0.0,0.0,1634000.0,0.0,0.0,0.0,0.0,0.2815884476534296,0.0,3120000.0,0.2815884476534296,871000.0,2249000.0,0.2029783393501805,0.53,0.53,4237965.0,4237965.0,https://www.sec.gov/Archives/edgar/data/879635/000156459017022644/0001564590-17-022644-index.htm,https://www.sec.gov/Archives/edgar/data/879635/000156459017022644/mpb-10q_20170930.htm
0,2017-06-30,MPB,2017-08-11,2017-08-11 15:18:38,Q2,10766000,0.0,0.0,0.0,0.0,4987000.0,131000.0,0.0,0.0,0.0,1469000.0,0.0,0.0,0.0,0.0,0.28924391603195243,0.0,3114000.0,0.28924391603195243,769000.0,2345000.0,0.217815344603381,0.55,0.55,4263636.0,4263636.0,https://www.sec.gov/Archives/edgar/data/879635/000156459017017379/0001564590-17-017379-index.htm,https://www.sec.gov/Archives/edgar/data/879635/000156459017017379/mpb-10q_20170630.htm
0,2017-03-31,MPB,2017-05-15,2017-05-15 16:48:53,Q1,10529000,0.0,0.0,0.0,0.0,4986000.0,107000.0,0.0,0.0,0.0,1384000.0,0.0,0.0,0.0,0.0,0.25491499667584766,0.0,2684000.0,0.25491499667584766,690000.0,1994000.0,0.18938170766454554,0.47,0.47,4242553.0,4242553.0,https://www.sec.gov/Archives/edgar/data/879635/000156459017011057/0001564590-17-011057-index.htm,https://www.sec.gov/Archives/edgar/data/879635/000156459017005123/mpb-10k_20161231.htm
0,2016-12-31,MPB,2017-03-23,2017-03-23 15:17:30,Q4,10945000,0.0,0.0,0.0,0.0,5014000.0,131000.0,0.0,0.0,0.0,1402000.0,0.0,0.0,0.0,0.0,0.24796710826861582,0.0,2714000.0,0.24796710826861582,638000.0,2076000.0,0.18967565098218364,0.0,0.0,0.0,0.0,https://www.sec.gov/Archives/edgar/data/879635/000156459017005123/0001564590-17-005123-index.htm,https://www.sec.gov/Archives/edgar/data/879635/000156459017005123/mpb-10k_20161231.htm
0,2016-09-30,MPB,2016-11-10,2016-11-10 11:35:35,Q3,10151000,0.0,0.0,0.0,0.0,4747000.0,146000.0,0.0,0.0,0.0,1367000.0,0.0,0.0,0.0,0.0,0.23908974485272386,0.0,2427000.0,0.23908974485272386,526000.0,1901000.0,0.1872721899320264,0.45,0.45,4224444.0,4224444.0,https://www.sec.gov/Archives/edgar/data/879635/000156459016028839/0001564590-16-028839-index.htm,https://www.sec.gov/Archives/edgar/data/879635/000156459016028839/mpb-10q_20160930.htm
0,2016-06-30,MPB,2016-08-12,2016-08-12 11:12:59,Q2,9903000.0,0.0,0.0,0.0,0.0,4486000.0,139000.0,0.0,0.0,0.0,1326000.0,0.0,0.0,0.0,0.0,0.26406139553670605,0.0,2615000.0,0.26406139553670605,593000.0,2022000.0,0.20418055134807633,0.48,0.48,4212500.0,4212500.0,https://www.sec.gov/Archives/edgar/data/879635/000087963516000072/0000879635-16-000072-index.htm,https://www.sec.gov/Archives/edgar/data/879635/000087963516000072/c635-20160630x10q.htm
0,2016-03-31,MPB,2016-05-12,2016-05-12 15:15:09,Q1,9543000.0,0.0,0.0,0.0,0.0,4522000.0,84000.0,0.0,0.0,0.0,1282000.0,0.0,0.0,0.0,0.0,0.24363407733417164,0.0,2325000.0,0.24363407733417164,520000.0,1805000.0,0.18914387509169026,0.43,0.43,4197674.0,4197674.0,https://www.sec.gov/Archives/edgar/data/879635/000087963516000064/0000879635-16-000064-index.htm,https://www.sec.gov/Archives/edgar/data/879635/000087963516000055/c635-20151231x10k.htm
0,2015-12-31,MPB,2016-03-17,2016-03-17 11:23:37,Q4,9083000.0,0.0,0.0,0.0,0.0,4718000.0,161000.0,0.0,0.0,0.0,1179000.0,0.0,0.0,0.0,0.0,0.22547616426290873,0.0,2048000.0,0.22547616426290873,421000.0,1627000.0,0.1791258394803479,0.0,0.0,0.0,0.0,https://www.sec.gov/Archives/edgar/data/879635/000087963516000055/0000879635-16-000055-index.htm,https://www.sec.gov/Archives/edgar/data/879635/000087963516000055/c635-20151231x10k.htm
0,2015-09-30,MPB,2015-11-13,2015-11-13 10:15:43,Q3,9227000.0,0.0,0.0,0.0,0.0,4415000.0,137000.0,0.0,0.0,0.0,1150000.0,0.0,0.0,0.0,0.0,0.2644413135363607,0.0,2440000.0,0.2644413135363607,546000.0,1894000.0,0.20526715075322424,0.43,0.43,4190698.0,4190698.0,https://www.sec.gov/Archives/edgar/data/879635/000087963515000042/0000879635-15-000042-index.htm,https://www.sec.gov/Archives/edgar/data/879635/000087963515000042/c635-20150930x10q.htm
0,2015-06-30,MPB,2015-08-14,2015-08-14 09:54:15,Q2,9594000.0,0.0,0.0,0.0,0.0,4388000.0,147000.0,0.0,0.0,0.0,1158000.0,0.0,0.0,0.0,0.0,0.274859287054409,0.0,2637000.0,0.274859287054409,593000.0,2044000.0,0.21304982280592036,0.46,0.46,4243478.0,4243478.0,https://www.sec.gov/Archives/edgar/data/879635/000087963515000035/0000879635-15-000035-index.htm,https://www.sec.gov/Archives/edgar/data/879635/000087963515000035/c635-20150630x10q.htm
0,2015-03-31,MPB,2015-05-15,2015-05-15 14:25:43,Q1,7955000.0,0.0,0.0,0.0,0.0,3947000.0,88000.0,0.0,0.0,0.0,1120000.0,0.0,0.0,0.0,0.0,0.13161533626649904,0.0,1047000.0,0.13161533626649904,84000.0,963000.0,0.12105593966059082,0.23,0.23,3808696.0,3808696.0,https://www.sec.gov/Archives/edgar/data/879635/000087963515000027/0000879635-15-000027-index.htm,https://www.sec.gov/Archives/edgar/data/879635/000087963515000020/c635-20141231x10k.htm
0,2014-12-31,MPB,2015-03-20,2015-03-20 15:47:36,Q4,7377000.0,0.0,0.0,0.0,0.0,3651000.0,81000.0,0.0,0.0,0.0,1111000.0,0.0,0.0,0.0,0.0,0.15439880710315845,0.0,1139000.0,0.15439880710315845,251000.0,888000.0,0.12037413582757218,0.23,0.23,3482609.0,3482609.0,https://www.sec.gov/Archives/edgar/data/879635/000087963515000020/0000879635-15-000020-index.htm,https://www.sec.gov/Archives/edgar/data/879635/000087963515000020/c635-20141231x10k.htm
0,2014-09-30,MPB,2014-11-14,2014-11-14 09:53:57,Q3,7233000.0,0.0,0.0,0.0,0.0,3293000.0,95000.0,0.0,0.0,0.0,1089000.0,0.0,0.0,0.0,0.0,0.27111848472279826,0.0,1961000.0,0.27111848472279826,366000.0,1595000.0,0.22051707451956312,0.43,0.43,3504651.0,3504651.0,https://www.sec.gov/Archives/edgar/data/879635/000087963514000038/0000879635-14-000038-index.htm,https://www.sec.gov/Archives/edgar/data/879635/000087963514000038/c635-20140930x10q.htm
0,2014-06-30,MPB,2014-08-14,2014-08-14 13:14:09,Q2,7555000.0,0.0,0.0,0.0,0.0,3454000.0,84000.0,0.0,0.0,0.0,1119000.0,0.0,0.0,0.0,0.0,0.28881535407015224,0.0,2182000.0,0.28881535407015224,475000.0,1707000.0,0.2259430840502978,0.46,0.46,3495389.0,3495389.0,https://www.sec.gov/Archives/edgar/data/879635/000087963514000031/0000879635-14-000031-index.htm,https://www.sec.gov/Archives/edgar/data/879635/000087963514000031/c635-20140630x10q.htm
0,2014-03-31,MPB,2014-05-15,2014-05-15 10:54:17,Q1,7079000.0,0.0,0.0,0.0,0.0,3140000.0,48000.0,0.0,0.0,0.0,1108000.0,0.0,0.0,0.0,0.0,0.2657154965390592,0.0,1881000.0,0.2657154965390592,370000.0,1511000.0,0.2134482271507275,0.41,0.41,3494408.0,3494408.0,https://www.sec.gov/Archives/edgar/data/879635/000087963514000022/0000879635-14-000022-index.htm,https://www.sec.gov/Archives/edgar/data/879635/000087963514000011/c635-20131231x10k.htm
0,2013-12-31,MPB,2014-03-21,2014-03-21 12:57:24,Q4,6899000.0,0.0,0.0,0.0,0.0,3277000.0,61000.0,0.0,0.0,0.0,1116000.0,0.0,0.0,0.0,0.0,0.2575735613857081,0.0,1777000.0,0.2575735613857081,377000.0,1400000.0,0.20292796057399623,0.0,0.0,0.0,0.0,https://www.sec.gov/Archives/edgar/data/879635/000087963514000011/0000879635-14-000011-index.htm,https://www.sec.gov/Archives/edgar/data/879635/000087963514000011/c635-20131231x10k.htm
0,2013-09-30,MPB,2013-11-14,2013-11-14 10:08:18,Q3,7303000.0,0.0,0.0,0.0,0.0,3186000.0,87000.0,0.0,0.0,0.0,1192000.0,0.0,0.0,0.0,0.0,0.26400109544023004,0.0,1928000.0,0.26400109544023004,440000.0,1488000.0,0.20375188278789538,0.4,0.4,3492228.0,3492228.0,https://www.sec.gov/Archives/edgar/data/879635/000087963513000061/0000879635-13-000061-index.htm,https://www.sec.gov/Archives/edgar/data/879635/000087963513000061/c635-20130930x10q.htm
0,2013-06-30,MPB,2013-08-14,2013-08-14 12:11:11,Q2,6988000.0,0.0,0.0,0.0,0.0,3305000.0,62000.0,0.0,0.0,0.0,1306000.0,0.0,0.0,0.0,0.0,0.23726388093875214,0.0,1658000.0,0.23726388093875214,292000.0,1366000.0,0.1954779622209502,0.37,0.37,3491069.0,3491069.0,https://www.sec.gov/Archives/edgar/data/879635/000087963513000050/0000879635-13-000050-index.htm,https://www.sec.gov/Archives/edgar/data/879635/000087963513000050/c635-20130630x10q.htm
0,2013-03-31,MPB,2013-05-15,2013-05-15 08:39:39,Q1,6328000.0,0.0,0.0,0.0,0.0,3461000.0,43000.0,0.0,0.0,0.0,1443000.0,0.0,0.0,0.0,0.0,0.12278761061946902,0.0,777000.0,0.12278761061946902,92000.0,685000.0,0.10824905183312263,0.18,0.18,3489729.0,3489729.0,https://www.sec.gov/Archives/edgar/data/879635/000087963513000040/0000879635-13-000040-index.htm,https://www.sec.gov/Archives/edgar/data/879635/000087963513000010/c635-20121231x10k.htm
0,2012-12-31,MPB,2013-03-25,2013-03-25 10:56:06,Q4,6632000.0,0.0,0.0,0.0,0.0,2857000.0,90000.0,0.0,0.0,0.0,1542000.0,0.0,0.0,0.0,0.0,0.21727985524728588,0.0,1441000.0,0.21727985524728588,250000.0,1191000.0,0.179583835946924,0.0,0.0,0.0,0.0,https://www.sec.gov/Archives/edgar/data/879635/000087963513000010/0000879635-13-000010-index.htm,https://www.sec.gov/Archives/edgar/data/879635/000087963513000010/c635-20121231x10k.htm
0,2012-09-30,MPB,2012-11-14,2012-11-14 14:30:25,Q3,6827000.0,0.0,0.0,0.0,0.0,3525000.0,91000.0,0.0,0.0,0.0,1688000.0,0.0,0.0,0.0,0.0,0.23363117035301012,0.0,1595000.0,0.23363117035301012,329000.0,1266000.0,0.18544016405448951,0.33,0.33,3487176.0,3487176.0,https://www.sec.gov/Archives/edgar/data/879635/000119312512470133/0001193125-12-470133-index.htm,https://www.sec.gov/Archives/edgar/data/879635/000119312512470133/d439205d10q.htm
0,2012-06-30,MPB,2012-08-14,2012-08-14 08:25:22,Q2,6954000.0,0.0,0.0,0.0,0.0,3529000.0,128000.0,0.0,0.0,0.0,1862000.0,0.0,0.0,0.0,0.0,0.25625539257981017,0.0,1782000.0,0.25625539257981017,422000.0,1360000.0,0.19557089444923784,0.35,0.35,3485867.0,3485867.0,https://www.sec.gov/Archives/edgar/data/879635/000119312512354062/0001193125-12-354062-index.htm,https://www.sec.gov/Archives/edgar/data/879635/000119312512354062/d393336d10q.htm
0,2012-03-31,MPB,2012-05-15,2012-05-15 11:02:13,Q1,6415000.0,0.0,0.0,0.0,0.0,3413000.0,69000.0,0.0,0.0,0.0,2033000.0,0.0,0.0,0.0,0.0,0.2146531566640686,0.0,1377000.0,0.2146531566640686,243000.0,1134000.0,0.17677318784099766,0.29,0.29,3484538.0,3484538.0,https://www.sec.gov/Archives/edgar/data/879635/000119312512233344/0001193125-12-233344-index.htm,https://www.sec.gov/Archives/edgar/data/879635/000119312512131740/d321007d10k.htm
0,2011-12-31,MPB,2012-03-26,2012-03-26 14:21:07,Q4,6600000.0,0.0,0.0,0.0,0.0,3303000.0,110000.0,0.0,0.0,0.0,2192000.0,0.0,0.0,0.0,0.0,0.2642424242424242,0.0,1744000.0,0.2642424242424242,392000.0,1352000.0,0.20484848484848484,0.0,0.0,0.0,0.0,https://www.sec.gov/Archives/edgar/data/879635/000119312512131740/0001193125-12-131740-index.htm,https://www.sec.gov/Archives/edgar/data/879635/000119312512131740/d321007d10k.htm
0,2011-09-30,MPB,2011-11-14,2011-11-14 12:35:44,Q3,6383000.0,0.0,0.0,0.0,0.0,3054000.0,86000.0,0.0,0.0,0.0,2375000.0,0.0,0.0,0.0,0.0,0.2262259125802914,0.0,1444000.0,0.2262259125802914,312000.0,1132000.0,0.17734607551308162,0.29,0.29,3483118.0,3483118.0,https://www.sec.gov/Archives/edgar/data/879635/000119312511309988/0001193125-11-309988-index.htm,https://www.sec.gov/Archives/edgar/data/879635/000119312511309988/d252902d10q.htm
0,2011-06-30,MPB,2011-08-15,2011-08-15 10:38:50,Q2,6295000.0,0.0,0.0,0.0,0.0,3040000.0,95000.0,0.0,0.0,0.0,2485000.0,0.0,0.0,0.0,0.0,0.21239078633836378,0.0,1337000.0,0.21239078633836378,278000.0,1059000.0,0.1682287529785544,0.27,0.27,3480750.0,3480750.0,https://www.sec.gov/Archives/edgar/data/879635/000119312511222414/0001193125-11-222414-index.htm,https://www.sec.gov/Archives/edgar/data/879635/000119312511222414/d10q.htm
0,2011-03-31,MPB,2011-05-16,2011-05-16 16:51:58,Q1,5741000.0,0.0,0.0,0.0,0.0,2911000.0,63000.0,0.0,0.0,0.0,2470000.0,0.0,0.0,0.0,0.0,0.2161644312837485,0.0,1241000.0,0.2161644312837485,241000.0,1000000.0,0.17418568193694478,0.25,0.25,3480738.0,3480738.0,https://www.sec.gov/Archives/edgar/data/879635/000119312511141628/0001193125-11-141628-index.htm,https://www.sec.gov/Archives/edgar/data/879635/000119312511072407/d10k.htm
0,2010-12-31,MPB,2011-03-21,2011-03-21 15:41:38,Q4,5867000.0,0.0,0.0,0.0,0.0,2966000.0,69000.0,0.0,0.0,0.0,2562000.0,0.0,0.0,0.0,0.0,0.14385546275779784,0.0,844000.0,0.14385546275779784,102000.0,742000.0,0.12647008692687917,0.0,0.0,0.0,0.0,https://www.sec.gov/Archives/edgar/data/879635/000119312511072407/0001193125-11-072407-index.htm,https://www.sec.gov/Archives/edgar/data/879635/000119312511072407/d10k.htm
0,2010-09-30,MPB,2010-11-09,2010-11-09 13:00:47,Q3,5811000.0,0.0,0.0,0.0,0.0,2826000.0,86000.0,0.0,0.0,0.0,2567000.0,0.0,0.0,0.0,0.0,0.08329031147823095,0.0,484000.0,0.08329031147823095,4000.0,480000.0,0.08260196179659267,0.11,0.11,3479780.0,3479780.0,https://www.sec.gov/Archives/edgar/data/879635/000119312510253755/0001193125-10-253755-index.htm,https://www.sec.gov/Archives/edgar/data/879635/000119312510253755/d10q.htm
0,2010-06-30,MPB,2010-08-09,2010-08-09 17:20:30,Q2,5926000.0,0.0,0.0,0.0,0.0,2728000.0,75000.0,0.0,0.0,0.0,2660000.0,0.0,0.0,0.0,0.0,0.16014174822814714,0.0,949000.0,0.16014174822814714,158000.0,791000.0,0.13347958150523118,0.19,0.19,3479780.0,3479780.0,https://www.sec.gov/Archives/edgar/data/879635/000119312510183597/0001193125-10-183597-index.htm,https://www.sec.gov/Archives/edgar/data/879635/000119312510183597/d10q.htm
0,2010-03-31,MPB,2010-05-10,2010-05-10 07:14:53,Q1,5317000.0,0.0,0.0,0.0,0.0,2674000.0,68000.0,0.0,0.0,0.0,2853000.0,0.0,0.0,0.0,0.0,0.1670114726349445,0.0,888000.0,0.1670114726349445,153000.0,735000.0,0.13823584728230204,0.174436,0.17,3479780.0,3570588.0,https://www.sec.gov/Archives/edgar/data/879635/000119312510113749/0001193125-10-113749-index.htm,https://www.sec.gov/Archives/edgar/data/879635/000119312510058096/d10k.htm
0,2009-12-31,MPB,2010-03-16,2010-03-16 13:28:58,Q4,5620000.0,0.0,0.0,0.0,0.0,2677000.0,73000.0,0.0,0.0,0.0,3217000.0,0.0,0.0,0.0,0.0,-0.998576512455516,0.0,-5612000.0,-0.998576512455516,-2057000.0,-3555000.0,-0.6325622775800712,0.0,0.0,0.0,0.0,https://www.sec.gov/Archives/edgar/data/879635/000119312510058096/0001193125-10-058096-index.htm,https://www.sec.gov/Archives/edgar/data/879635/000119312510058096/d10k.htm
0,2009-09-30,MPB,2009-11-09,2009-11-09 15:36:51,Q3,5579000.0,0.0,0.0,0.0,0.0,2817000.0,145000.0,0.0,0.0,0.0,3216000.0,0.0,0.0,0.0,0.0,0.043197705682021866,0.0,241000.0,0.043197705682021866,-93000.0,334000.0,0.059867359741889226,0.06,0.06,3479780.0,3479780.0,https://www.sec.gov/Archives/edgar/data/879635/000119312509229275/0001193125-09-229275-index.htm,https://www.sec.gov/Archives/edgar/data/879635/000119312509229275/d10q.htm
0,2009-06-30,MPB,2009-08-07,2009-08-07 09:14:01,Q2,5592000.0,0.0,0.0,0.0,0.0,2919000.0,266000.0,0.0,0.0,0.0,3262000.0,0.0,0.0,0.0,0.0,0.1380543633762518,0.0,772000.0,0.1380543633762518,59000.0,713000.0,0.1275035765379113,0.17,0.17,3479780.0,3479780.0,https://www.sec.gov/Archives/edgar/data/879635/000119312509168267/0001193125-09-168267-index.htm,https://www.sec.gov/Archives/edgar/data/879635/000119312509168267/d10q.htm
0,2009-03-31,MPB,2009-05-11,2009-05-11 12:32:04,Q1,4897000.0,0.0,0.0,0.0,0.0,2644000.0,194000.0,0.0,0.0,0.0,3609000.0,0.0,0.0,0.0,0.0,0.019603839085154177,0.0,96000.0,0.019603839085154177,-117000.0,213000.0,0.043496017970185825,0.02,0.02,3479780.0,3479780.0,https://www.sec.gov/Archives/edgar/data/879635/000119312509106683/0001193125-09-106683-index.htm,https://www.sec.gov/Archives/edgar/data/879635/000119312509045587/d10k.htm
0,2008-12-31,MPB,2009-03-05,2009-03-05 10:37:27,Q4,5209000.0,0.0,0.0,0.0,0.0,4182000.0,188000.0,0.0,0.0,0.0,3680000.0,0.0,0.0,0.0,0.0,0.04434632367057017,0.0,231000.0,0.04434632367057017,-2000.0,233000.0,0.044730274524860815,0.0,0.0,0.0,0.0,https://www.sec.gov/Archives/edgar/data/879635/000119312509045587/0001193125-09-045587-index.htm,https://www.sec.gov/Archives/edgar/data/879635/000119312508051299/d10k.htm
0,2008-09-30,MPB,,,Q3,5290000.0,0.0,0.0,0.0,0.0,1987000.0,155000.0,0.0,0.0,0.0,3694000.0,0.0,0.0,0.0,0.0,0.28166351606805295,0.0,1490000.0,0.28166351606805295,368000.0,1122000.0,0.2120982986767486,0.32,0.32,3479780.0,3479780.0,,
0,2008-06-30,MPB,,,Q2,5048000.0,0.0,0.0,0.0,0.0,1897000.0,103000.0,0.0,0.0,0.0,3639000.0,0.0,0.0,0.0,0.0,0.28129952456418383,0.0,1420000.0,0.28129952456418383,360000.0,1060000.0,0.20998415213946117,0.3,0.3,3484073.0,3484073.0,,
0,2008-03-31,MPB,,,Q1,5094000.0,0.0,0.0,0.0,0.0,1817000.0,0.0,0.0,0.0,0.0,3877000.0,0.0,0.0,0.0,0.0,0.30427954456223005,0.0,1550000.0,0.30427954456223005,377000.0,1173000.0,0.23027090694935218,0.34,0.34,3488826.0,3488826.0,,
0,2007-12-31,MPB,2008-03-10,2008-03-10 13:46:34,Q4,5094000.0,0.0,0.0,0.0,0.0,1673000.0,91000.0,0.0,0.0,0.0,3954000.0,0.0,0.0,0.0,0.0,0.2901452689438555,0.0,1478000.0,0.2901452689438555,280000.0,1198000.0,0.23517864153906556,0.0,0.0,0.0,0.0,https://www.sec.gov/Archives/edgar/data/879635/000119312508051299/0001193125-08-051299-index.htm,https://www.sec.gov/Archives/edgar/data/879635/000119312507050826/d10k.htm
0,2007-09-30,MPB,,,Q3,4807000.0,0.0,0.0,0.0,0.0,1760000.0,85000.0,0.0,0.0,0.0,3892000.0,0.0,0.0,0.0,0.0,0.32910339088828794,0.0,1582000.0,0.32910339088828794,372000.0,1210000.0,0.2517162471395881,0.35,0.35,3494195.0,3494195.0,,
0,2007-06-30,MPB,,,Q2,4871000.0,0.0,0.0,0.0,0.0,1743000.0,142000.0,0.0,0.0,0.0,3766000.0,0.0,0.0,0.0,0.0,0.31944159310203246,0.0,1556000.0,0.31944159310203246,377000.0,1179000.0,0.24204475467049888,0.34,0.34,3496680.0,3496680.0,,
0,2007-03-31,MPB,,,Q1,4815000.0,0.0,0.0,0.0,0.0,1723000.0,0.0,0.0,0.0,0.0,3727000.0,0.0,0.0,0.0,0.0,0.30093457943925234,0.0,1449000.0,0.30093457943925234,365000.0,1084000.0,0.22512980269989616,0.304762,0.304762,3508720.0,3508720.0,,
0,2006-12-31,MPB,2007-03-09,2007-03-09 15:37:08,Q4,4752000.0,0.0,0.0,0.0,0.0,1404000.0,85000.0,0.0,0.0,0.0,3564000.0,0.0,0.0,0.0,0.0,0.3707912457912458,0.0,1762000.0,0.3707912457912458,388000.0,1374000.0,0.28914141414141414,0.0,0.0,0.0,0.0,https://www.sec.gov/Archives/edgar/data/879635/000119312507050826/0001193125-07-050826-index.htm,https://www.sec.gov/Archives/edgar/data/879635/000119312506044807/d10k.htm
0,2006-09-30,MPB,,,Q3,4549000.0,0.0,0.0,0.0,0.0,1608000.0,51000.0,0.0,0.0,0.0,3290000.0,0.0,0.0,0.0,0.0,0.3712903934930754,0.0,1689000.0,0.3712903934930754,447000.0,1242000.0,0.27302703890965047,0.352381,0.352381,3514964.0,3514964.0,,
0,2006-06-30,MPB,,,Q2,4632000.0,0.0,0.0,0.0,0.0,1604000.0,42000.0,0.0,0.0,0.0,3071000.0,0.0,0.0,0.0,0.0,0.32642487046632124,0.0,1512000.0,0.32642487046632124,395000.0,1117000.0,0.24114853195164077,0.314286,0.314286,3515466.0,3515466.0,,
0,2006-03-31,MPB,,,Q1,4598000.0,0.0,0.0,0.0,0.0,1584000.0,0.0,0.0,0.0,0.0,2807000.0,0.0,0.0,0.0,0.0,0.33688560243584165,0.0,1549000.0,0.33688560243584165,394000.0,1155000.0,0.2511961722488038,0.32381,0.32381,3515466.0,3515466.0,,
0,2005-12-31,MPB,2006-03-03,2006-03-03 13:03:34,Q4,4321000.0,0.0,0.0,0.0,0.0,1498000.0,56000.0,0.0,0.0,0.0,2678000.0,0.0,0.0,0.0,0.0,0.4563758389261745,0.0,1972000.0,0.4563758389261745,520000.0,1452000.0,0.3360333256190697,0.0,0.0,0.0,0.0,https://www.sec.gov/Archives/edgar/data/879635/000119312506044807/0001193125-06-044807-index.htm,https://www.sec.gov/Archives/edgar/data/879635/000119312505049582/d10k.htm
0,2005-09-30,MPB,,,Q3,4326000.0,0.0,0.0,0.0,0.0,1474000.0,79000.0,0.0,0.0,0.0,2492000.0,0.0,0.0,0.0,0.0,0.3511326860841424,0.0,1519000.0,0.3511326860841424,387000.0,1132000.0,0.2616736014794267,0.31746,0.31746,3515713.0,3515713.0,,
0,2005-06-30,MPB,,,Q2,4066000.0,0.0,0.0,0.0,0.0,1452000.0,108000.0,0.0,0.0,0.0,2284000.0,0.0,0.0,0.0,0.0,0.3283325135268077,0.0,1335000.0,0.3283325135268077,333000.0,1002000.0,0.24643384161337925,0.281179,0.281179,3515680.0,3515680.0,,
0,2005-03-31,MPB,,,Q1,3977000.0,0.0,0.0,0.0,0.0,1481000.0,0.0,0.0,0.0,0.0,2103000.0,0.0,0.0,0.0,0.0,0.34624088508926326,0.0,1377000.0,0.34624088508926326,360000.0,1017000.0,0.25572039225546894,0.290249,0.290249,3514904.0,3514904.0,,
0,2004-12-31,MPB,2005-03-14,2005-03-14 17:04:00,Q4,3933000.0,0.0,0.0,0.0,0.0,1266000.0,46000.0,0.0,0.0,0.0,2171000.0,0.0,0.0,0.0,0.0,0.4228324434274091,0.0,1663000.0,0.4228324434274091,410000.0,1253000.0,0.3185863208746504,0.0,0.0,0.0,0.0,https://www.sec.gov/Archives/edgar/data/879635/000119312505049582/0001193125-05-049582-index.htm,https://www.sec.gov/Archives/edgar/data/879635/000119312504052038/d10k.htm
0,2004-09-30,MPB,,,Q3,3937000.0,0.0,0.0,0.0,0.0,1324000.0,30000.0,0.0,0.0,0.0,2021000.0,0.0,0.0,0.0,0.0,0.3571247142494285,0.0,1406000.0,0.3571247142494285,349000.0,1057000.0,0.2684785369570739,0.29932,0.29932,3516581.0,3516581.0,,
0,2004-06-30,MPB,,,Q2,3966000.0,0.0,0.0,0.0,0.0,1244000.0,69000.0,0.0,0.0,0.0,1885000.0,0.0,0.0,0.0,0.0,0.32526475037821484,0.0,1290000.0,0.32526475037821484,317000.0,973000.0,0.24533535047907212,0.272109,0.272109,3517300.0,3517300.0,,
0,2004-03-31,MPB,,,Q1,3692000.0,0.0,0.0,0.0,0.0,1229000.0,0.0,0.0,0.0,0.0,1927000.0,0.0,0.0,0.0,0.0,0.383261105092091,0.0,1415000.0,0.383261105092091,329000.0,1086000.0,0.2941495124593716,0.30839,0.30839,3514279.0,3514279.0,,
0,2003-12-31,MPB,2004-03-29,2004-03-29 14:41:14,Q4,3540000.0,0.0,0.0,0.0,0.0,1231000.0,0.0,0.0,0.0,0.0,2011000.0,0.0,0.0,0.0,0.0,0.4209039548022599,0.0,1490000.0,0.4209039548022599,280000.0,1210000.0,0.3418079096045198,0.0,0.0,0.0,0.0,https://www.sec.gov/Archives/edgar/data/879635/000119312504052038/0001193125-04-052038-index.htm,https://www.sec.gov/Archives/edgar/data/879635/000119312504052038/d10k.htm
0,2003-09-30,MPB,,,Q3,3541000.0,0.0,0.0,0.0,0.0,1127000.0,0.0,0.0,0.0,0.0,2034000.0,0.0,0.0,0.0,0.0,0.3922620728607738,0.0,1389000.0,0.3922620728607738,303000.0,1086000.0,0.3066930245693307,0.30839,0.30839,3513656.0,3513656.0,,
0,2003-06-30,MPB,,,Q2,3721000.0,0.0,0.0,0.0,0.0,1176000.0,0.0,0.0,0.0,0.0,2108000.0,0.0,0.0,0.0,0.0,0.44907282988443964,0.0,1671000.0,0.44907282988443964,404000.0,1267000.0,0.3404998656275195,0.362812,0.362812,3515400.0,3515400.0,,
0,2003-03-31,MPB,,,Q1,3456000.0,0.0,0.0,0.0,0.0,1062000.0,0.0,0.0,0.0,0.0,2281000.0,0.0,0.0,0.0,0.0,0.38136574074074076,0.0,1318000.0,0.38136574074074076,266000.0,1052000.0,0.30439814814814814,0.302343,0.302343,3515561.0,3515561.0,,
0,2002-12-31,MPB,,,Q4,3445000.0,0.0,0.0,0.0,0.0,951000.0,0.0,0.0,0.0,0.0,2382000.0,0.0,0.0,0.0,0.0,0.47082728592162554,0.0,1622000.0,0.47082728592162554,354000.0,1268000.0,0.36806966618287373,0.0,0.0,0.0,0.0,,
0,2002-09-30,MPB,,,Q3,3382000.0,0.0,0.0,0.0,0.0,1078000.0,0.0,0.0,0.0,0.0,2550000.0,0.0,0.0,0.0,0.0,0.4361324659964518,0.0,1475000.0,0.4361324659964518,330000.0,1145000.0,0.33855706682436426,0.328258,0.328258,3514936.0,3514936.0,,
0,2002-06-30,MPB,,,Q2,3245000.0,0.0,0.0,0.0,0.0,1036000.0,0.0,0.0,0.0,0.0,2483000.0,0.0,0.0,0.0,0.0,0.38058551617873654,0.0,1235000.0,0.38058551617873654,259000.0,976000.0,0.3007704160246533,0.276428,0.276428,3513283.0,3513283.0,,
0,2002-03-31,MPB,,,Q1,3376000.0,0.0,0.0,0.0,0.0,1028000.0,0.0,0.0,0.0,0.0,2511000.0,0.0,0.0,0.0,0.0,0.42446682464454977,0.0,1433000.0,0.42446682464454977,327000.0,1106000.0,0.32760663507109006,0.310982,0.310982,3515817.0,3515817.0,,
0,2001-12-31,MPB,,,Q4,3379000.0,0.0,0.0,0.0,0.0,1059000.0,0.0,0.0,0.0,0.0,2680000.0,0.0,0.0,0.0,0.0,0.4409588635691033,0.0,1490000.0,0.4409588635691033,312000.0,1178000.0,0.3486238532110092,0.0,0.0,0.0,0.0,,
0,2001-09-30,MPB,,,Q3,3265000.0,0.0,0.0,0.0,0.0,1044000.0,0.0,0.0,0.0,0.0,2885000.0,0.0,0.0,0.0,0.0,0.4186830015313936,0.0,1367000.0,0.4186830015313936,303000.0,1064000.0,0.32588055130168453,0.302343,0.302343,3515525.0,3515525.0,,
0,2001-06-30,MPB,,,Q2,3256000.0,0.0,0.0,0.0,0.0,1039000.0,0.0,0.0,0.0,0.0,3021000.0,0.0,0.0,0.0,0.0,0.4081695331695332,0.0,1329000.0,0.4081695331695332,312000.0,1017000.0,0.31234643734643736,0.285066,0.285066,3518529.0,3518529.0,,
0,2001-03-31,MPB,,,Q1,3074000.0,0.0,0.0,0.0,0.0,998000.0,0.0,0.0,0.0,0.0,3147000.0,0.0,0.0,0.0,0.0,0.41054001301236176,0.0,1262000.0,0.41054001301236176,291000.0,971000.0,0.3158750813272609,0.276428,0.276428,3517929.0,3517929.0,,
0,2000-12-31,MPB,,,Q4,3093000.0,0.0,0.0,0.0,0.0,1072000.0,0.0,0.0,0.0,0.0,3130000.0,0.0,0.0,0.0,0.0,0.45425153572583254,0.0,1405000.0,0.45425153572583254,321000.0,1084000.0,0.3504688005172971,0.0,0.0,0.0,0.0,,
0,2000-09-30,MPB,,,Q3,3008000.0,0.0,0.0,0.0,0.0,971000.0,0.0,0.0,0.0,0.0,2930000.0,0.0,0.0,0.0,0.0,0.40791223404255317,0.0,1227000.0,0.40791223404255317,280000.0,947000.0,0.3148271276595745,0.26779,0.26779,3514997.0,3514997.0,,
0,2000-06-30,MPB,,,Q2,3061000.0,0.0,0.0,0.0,0.0,964000.0,0.0,0.0,0.0,0.0,2743000.0,0.0,0.0,0.0,0.0,0.41718392682130023,0.0,1277000.0,0.41718392682130023,308000.0,969000.0,0.31656321463573994,0.276428,0.276428,3513858.0,3513858.0,,
0,2000-03-31,MPB,,,Q1,2992000.0,0.0,0.0,0.0,0.0,927000.0,0.0,0.0,0.0,0.0,2652000.0,0.0,0.0,0.0,0.0,0.42245989304812837,0.0,1264000.0,0.42245989304812837,316000.0,948000.0,0.31684491978609625,0.26779,0.26779,3513588.0,3513588.0,,
0,1999-12-31,MPB,,,Q4,3000000.0,0.0,0.0,0.0,0.0,900000.0,0.0,0.0,0.0,0.0,2500000.0,0.0,0.0,0.0,0.0,0.43333333333333335,0.0,1300000.0,0.43333333333333335,300000.0,1000000.0,0.3333333333333333,0.0,0.0,0.0,0.0,,
0,1999-09-30,MPB,,,Q3,2900000.0,0.0,0.0,0.0,0.0,900000.0,0.0,0.0,0.0,0.0,2400000.0,0.0,0.0,0.0,0.0,0.41379310344827586,0.0,1200000.0,0.41379310344827586,300000.0,900000.0,0.3103448275862069,0.25884,0.25884,3477051.0,3477051.0,,
0,1999-06-30,MPB,,,Q2,3200000.0,0.0,0.0,0.0,0.0,1000000.0,0.0,0.0,0.0,0.0,2400000.0,0.0,0.0,0.0,0.0,0.40625,0.0,1300000.0,0.40625,300000.0,1000000.0,0.3125,0.276096,0.276096,3621929.0,3621929.0,,
0,1999-03-31,MPB,,,Q1,3100000.0,0.0,0.0,0.0,0.0,1000000.0,0.0,0.0,0.0,0.0,2400000.0,0.0,0.0,0.0,0.0,0.41935483870967744,0.0,1300000.0,0.41935483870967744,300000.0,1000000.0,0.3225806451612903,0.267468,0.267468,3738765.0,3738765.0,,
0,1998-12-31,MPB,,,Q4,3000000.0,0.0,0.0,0.0,0.0,1100000.0,0.0,0.0,0.0,0.0,2400000.0,0.0,0.0,0.0,0.0,0.4,0.0,1200000.0,0.4,300000.0,900000.0,0.3,0.0,0.0,0.0,0.0,,
0,1998-09-30,MPB,,,Q3,3200000.0,0.0,0.0,0.0,0.0,800000.0,0.0,0.0,0.0,0.0,2400000.0,0.0,0.0,0.0,0.0,0.5,0.0,1600000.0,0.5,500000.0,1100000.0,0.34375,0.319236,0.319236,3445727.0,3445727.0,,
0,1998-06-30,MPB,,,Q2,2700000.0,0.0,0.0,0.0,0.0,800000.0,0.0,0.0,0.0,0.0,2200000.0,0.0,0.0,0.0,0.0,0.4444444444444444,0.0,1200000.0,0.4444444444444444,300000.0,900000.0,0.3333333333333333,0.25884,0.25884,3477051.0,3477051.0,,
0,1998-03-31,MPB,,,Q1,2700000.0,0.0,0.0,0.0,0.0,700000.0,0.0,0.0,0.0,0.0,2200000.0,0.0,0.0,0.0,0.0,0.48148148148148145,0.0,1300000.0,0.48148148148148145,400000.0,900000.0,0.3333333333333333,0.267468,0.267468,3364889.0,3364889.0,,
0,1997-12-31,MPB,,,Q4,2700000.0,0.0,0.0,0.0,0.0,1000000.0,0.0,0.0,0.0,0.0,2100000.0,0.0,0.0,0.0,0.0,0.4074074074074074,0.0,1100000.0,0.4074074074074074,300000.0,800000.0,0.2962962962962963,0.0,0.0,0.0,0.0,,
0,1997-09-30,MPB,,,Q3,3300000.0,0.0,0.0,0.0,0.0,700000.0,0.0,0.0,0.0,0.0,2000000.0,0.0,0.0,0.0,0.0,0.6060606060606061,0.0,2000000.0,0.6060606060606061,600000.0,1400000.0,0.42424242424242425,0.414145,0.414145,3380459.0,3380459.0,,
0,1997-06-30,MPB,,,Q2,3240000.0,2370000.0,3240000.0,1.0,0.0,1770000.0,0.0,0.0,4140000.0,0.0,2370000.0,90000.00000000001,3940000.0,0.0,1480000.0,0.0,0.0,1480000.0,0.0,430000.0,1050000.0,0.0,0.31157,0.31157,3370000.0,3370000.0,,
0,1997-03-31,MPB,,,Q1,2410000.0,1900000.0,2410000.0,1.0,0.0,1190000.0,0.0,0.0,3090000.0,0.0,1900000.0,80000.0,3200000.0,0.0,1230000.0,0.0,0.0,1230000.0,0.0,350000.0,870000.0,0.0,0.26126,0.26126,3330000.0,3330000.0,,
0,1996-12-31,MPB,,,Q4,2530000.0,1890000.0,2530000.0,1.0,0.0,1190000.0,0.0,0.0,3080000.0,0.0,1890000.0,159999.99999999997,3380000.0,0.0,1330000.0,0.0,0.0,1330000.0,0.0,390000.0,940000.0,0.0,0.28228,0.28228,3330000.0,3330000.0,,
0,1996-09-30,MPB,,,Q3,2410000.0,1900000.0,2410000.0,1.0,0.0,1160000.0,0.0,0.0,3060000.0,0.0,1900000.0,79999.99999999999,3240000.0,0.0,1260000.0,0.0,0.0,1260000.0,0.0,360000.0,900000.0,0.0,0.27027,0.27027,3330000.0,3330000.0,,
0,1996-06-30,MPB,,,Q2,2280000.0,1840000.0,2280000.0,1.0,0.0,1220000.0,0.0,0.0,3060000.0,0.0,1840000.0,90000.00000000001,2990000.0,0.0,1060000.0,0.0,0.0,1060000.0,0.0,310000.0,750000.0,0.0,0.22523,0.22523,3330000.0,3330000.0,,
0,1996-03-31,MPB,,,Q1,2240000.0,1890000.0,2240000.0,1.0,0.0,1200000.0,0.0,0.0,3090000.0,0.0,1890000.0,80000.0,3020000.0,0.0,1040000.0,0.0,0.0,1040000.0,0.0,300000.0,750000.0,0.0,0.22523,0.22523,3330000.0,3330000.0,,
0,1995-12-31,MPB,,,Q4,2130000.0,1840000.0,2130000.0,1.0,0.0,1190000.0,0.0,0.0,3030000.0,0.0,1840000.0,100000.0,2880000.0,0.0,930000.0,0.0,0.0,930000.0,0.0,260000.0,680000.0,0.0,0.2042,0.2042,3330000.0,3330000.0,,
0,1995-09-30,MPB,,,Q3,2260000.0,1740000.0,2260000.0,1.0,0.0,1150000.0,0.0,0.0,2890000.0,0.0,1740000.0,70000.0,2920000.0,0.0,1110000.0,0.0,0.0,1110000.0,0.0,310000.0,800000.0,0.0,0.24024,0.24024,3330000.0,3330000.0,,
0,1995-06-30,MPB,,,Q2,2180000.0,1620000.0,2180000.0,1.0,0.0,1210000.0,0.0,0.0,2830000.0,0.0,1620000.0,150000.0,2740000.0,0.0,970000.0,0.0,0.0,970000.0,0.0,260000.0,710000.0,0.0,0.21321,0.21321,3330000.0,3330000.0,,
0,1995-03-31,MPB,,,Q1,2270000.0,1520000.0,2270000.0,1.0,0.0,1180000.0,0.0,0.0,2700000.0,0.0,1520000.0,0.0,2610000.0,0.0,1090000.0,0.0,0.0,1090000.0,0.0,300000.0,790000.0,0.0,0.23724,0.23724,3330000.0,3330000.0,,
