,date,symbol,fillingDate,acceptedDate,period,revenue,costOfRevenue,grossProfit,grossProfitRatio,researchAndDevelopmentExpenses,generalAndAdministrativeExpenses,sellingAndMarketingExpenses,otherExpenses,operatingExpenses,costAndExpenses,interestExpense,depreciationAndAmortization,ebitda,ebitdaratio,operatingIncome,operatingIncomeRatio,totalOtherIncomeExpensesNet,incomeBeforeTax,incomeBeforeTaxRatio,incomeTaxExpense,netIncome,netIncomeRatio,eps,epsdiluted,weightedAverageShsOut,weightedAverageShsOutDil,link,finalLink
0,2020-09-30,SYBT,2020-11-06,2020-11-06 14:33:21,Q3,36144000,0.0,36144000,1.0,0.0,0.0,523000.0,0.0,523000.0,523000.0,-2449000.0,1872000.0,17996000,0.49789729969012836,16124000,0.4461044710048694,0.0,16124000,0.4461044710048694,1591000.0,14533000,0.40208610004426737,0.6435656717739793,0.6435656717739793,22582000,22739000,https://www.sec.gov/Archives/edgar/data/835324/000143774920022972/0001437749-20-022972-index.htm,https://www.sec.gov/Archives/edgar/data/835324/000143774920022972/sybt20200930_10q.htm
0,2020-06-30,SYBT,2020-08-07,2020-08-07 21:35:46,Q2,46150000,0.0,46150000,1.0,0.0,30434000,1025000.0,0.0,33412000,1947000.0,2978000.0,1604000.0,20298000,3.02479916172,15716000,2.74467341949,0.0,15716000,2.74467341949,2348000.0,13368000,2.33461404122,0.58789,0.58789,22739000,22739000,https://www.sec.gov/Archives/edgar/data/835324/000143774920017150/0001437749-20-017150-index.htm,https://www.sec.gov/Archives/edgar/data/835324/000143774920017150/sybt20200630_10q.htm
0,2020-03-31,SYBT,2020-05-08 00:00:00,2020-05-08 12:35:50,Q1,44982000,4436000.0,44982000,1.0,0.0,29500000,0.0,0.0,33936000,2013000.0,4436000.0,1211000.0,21129000,2.68462528144,15482000,2.4898681248,0.0,15482000,2.4898681248,2250000.0,13232000,2.12801543905,0.58198,0.58198,22736000,22736000,https://www.sec.gov/Archives/edgar/data/835324/000143774920009983/0001437749-20-009983-index.html,https://www.sec.gov/Archives/edgar/data/835324/000143774920009983/sybt20200331_10q.htm
0,2019-12-31,SYBT,2020-02-28,2020-02-28 10:36:07,Q4,45881000,5075000.0,40806000,0.8893877639981692,0.0,26291000,0.0,0.0,31366000,0.0,5075000.0,1911000.0,26576000,0.30967428293631505,19590000,0.0,0.0,19590000,0.0,2941000.0,16649000,0.0,0.7316,0.7316,22757000,22757000,https://www.sec.gov/Archives/edgar/data/835324/000143774920003847/0001437749-20-003847-index.htm,https://www.sec.gov/Archives/edgar/data/835324/000143774920003847/sybt20191231_10k.htm
0,2019-09-30,SYBT,2019-11-08,2019-11-08 13:01:35,Q3,45374000,5903000.0,39471000,0.869903468946974,0.0,24357000,732000.0,0.0,30260000,1841000.0,5903000.0,1289999.9999999998,28210000,4.38759149529,21017000,4.16277448588,0.0,21017000,3.66277448588,3783000.0,17234000,3.00348553503,0.75555,0.75555,22810000,22810000,https://www.sec.gov/Archives/edgar/data/835324/000143774919022096/0001437749-19-022096-index.htm,https://www.sec.gov/Archives/edgar/data/835324/000143774919022096/sybt20190930_10q.htm
0,2019-06-30,SYBT,2019-08-06,2019-08-06 13:02:38,Q2,43026000,6194000.0,36832000,0.8560405336308279,0.0,25464000,903000.0,0.0,31658000,1848000.0,6194000.0,896000.0,24663000,2.75521017308,17573000,2.59696220417,0.0,17573000,3.10367361356,1030000.0,16543000,2.92175909573,0.72086,0.72086,22949000,22949000,https://www.sec.gov/Archives/edgar/data/835324/000143774919015586/0001437749-19-015586-index.htm,https://www.sec.gov/Archives/edgar/data/835324/000143774919015586/sybt20190630_10q.htm
0,2019-03-31,SYBT,2019-04-30,2019-04-30 11:51:59,Q1,40692000,5372000.0,35320000,0.8679838788951145,0.0,23212000,625000.0,0.0,28584000,1773000.0,5372000.0,783000.0,23635000,3.35778635779,17480000,3.21382607097,0.0,17480000,3.21382607097,1839000.0,15641000,2.87571244714,0.68164,0.68164,22946000,22946000,https://www.sec.gov/Archives/edgar/data/835324/000143774919008258/0001437749-19-008258-index.htm,https://www.sec.gov/Archives/edgar/data/835324/000143774919003616/sybt20181231_10k.htm
0,2018-12-31,SYBT,2019-02-28,2019-02-28 14:25:09,Q4,41488000,5092000.0,36396000,0.8772657153875819,0.0,24565000,908000.0,0.0,29657000,2254000.0,5092000.0,1822000.0,23837000,0.962968669748,16923000,0.869183359014,0.0,16923000,0.869183359014,2265000.0,14658000,0.752850539291,0.63986,0.63986,22908000,22908000,https://www.sec.gov/Archives/edgar/data/835324/000143774919003616/0001437749-19-003616-index.htm,https://www.sec.gov/Archives/edgar/data/835324/000143774919003616/sybt20181231_10k.htm
0,2018-09-30,SYBT,2018-11-02,2018-11-02 12:12:23,Q3,39950000,4500000.0,35450000,0.8873591989987485,0.0,22520000,740000.0,0.0,27020000,2183000.0,4500000.0,1279999.9999999998,23220000,12.6228070175,17430000,11.7618083671,0.0,17430000,11.7618083671,3560000.0,13880000,9.36302294197,0.60427,0.60427,22970000,22970000,https://www.sec.gov/Archives/edgar/data/835324/000143774918019380/0001437749-18-019380-index.htm,https://www.sec.gov/Archives/edgar/data/835324/000143774918019380/sybt20180930_10q.htm
0,2018-06-30,SYBT,2018-08-03,2018-08-03 12:00:13,Q2,40110000,3330000.0,36780000,0.9169783096484667,0.0,23380000,805000.0,0.0,26710000,2264000.0,3330000.0,1350000.0,21420000,13.431328879,16740000,12.4261321455,0.0,16740000,12.4261321455,3160000.0,13580000,10.0809205642,0.59095,0.59095,22980000,22980000,https://www.sec.gov/Archives/edgar/data/835324/000143774918014400/0001437749-18-014400-index.htm,https://www.sec.gov/Archives/edgar/data/835324/000143774918014400/sybt20180630_10q.htm
0,2018-03-31,SYBT,2018-05-04,2018-05-04 15:10:09,Q1,38220000,2440000.0,35780000,0.9361590790162219,0.0,21770000,646000.0,0.0,24210000,2196000.0,2440000.0,1330000.0,20220000,11.768365321,16460000,10.8908007942,0.0,16460000,10.8908007942,3050000.0,13400000,8.87094639312,0.58312,0.58312,22980000,22980000,https://www.sec.gov/Archives/edgar/data/835324/000143774918008672/0001437749-18-008672-index.htm,https://www.sec.gov/Archives/edgar/data/835324/000143774918004523/sybt20171231_10k.htm
0,2017-12-31,SYBT,2018-03-13,2018-03-13 17:22:59,Q4,38440000,2070000.0,36370000,0.946149843912591,0.0,27950000,2716000.0,0.0,30020000,2716000.0,2070000.0,6790000.000000001,13450000.000000002,0.639455278837,10490000,0.388113828961,0.0,10490000,0.388113828961,-360000.0,4950000.0,0.183029271361,0.2154,0.2154,22980000,22980000,https://www.sec.gov/Archives/edgar/data/835324/000143774918004523/0001437749-18-004523-index.htm,https://www.sec.gov/Archives/edgar/data/835324/000143774918004523/sybt20171231_10k.htm
0,2017-09-30,SYBT,2017-11-03,2017-11-03 09:56:18,Q3,37120000,1950000.0,35170000,0.9474676724137931,0.0,21320000,0.0,0.0,23270000,14903000,1950000.0,2449999.999999999,20200000,0.697485094022,15800000,0.603883198288,0.0,15800000,0.603883198288,4100000.0,11700000,0.4473322122,0.50958,0.50958,22960000,22960000,https://www.sec.gov/Archives/edgar/data/835324/000143774917018213/0001437749-17-018213-index.htm,https://www.sec.gov/Archives/edgar/data/835324/000143774917018213/sybt20170930_10q.htm
0,2017-06-30,SYBT,2017-08-04,2017-08-04 11:21:43,Q2,36780000,1780000.0,35000000,0.9516041326808048,0.0,21810000,0.0,0.0,23590000,14970000,1780000.0,2120000.0000000005,18860000,0.676918199112,14960000,0.592937539632,0.0,14960000,0.592937539632,4360000.0,10600000,0.420180722892,0.46087,0.46087,23000000,23000000,https://www.sec.gov/Archives/edgar/data/835324/000143774917013777/0001437749-17-013777-index.htm,https://www.sec.gov/Archives/edgar/data/835324/000143774917013777/sybt20170630_10q.htm
0,2017-03-31,SYBT,2017-05-05,2017-05-05 13:01:34,Q1,35830000,1450000.0,34380000,0.9595311191738767,0.0,21900000,0.0,0.0,23350000,15280000,1450000.0,2280000.0,17660000,0.643781766201,13930000,0.553248094028,0.0,13930000,0.553248094028,3140000.0,10790000,0.428486340534,0.46913,0.46913,23000000,23000000,https://www.sec.gov/Archives/edgar/data/835324/000143774917008115/0001437749-17-008115-index.htm,https://www.sec.gov/Archives/edgar/data/835324/000143774917004366/sybt20161231_10k.htm
0,2016-12-31,SYBT,2017-03-13,2017-03-13 11:45:19,Q4,36400000,1290000.0,35110000,0.9645604395604396,0.0,21770000,0.0,0.0,23060000,14872000,1290000.0,3120000.000000001,19040000,0.707916251246,14630000,0.583250249252,0.0,14630000,0.583250249252,4010000.0,10620000,0.423369890329,0.46094,0.46094,23040000,23040000,https://www.sec.gov/Archives/edgar/data/835324/000143774917004366/0001437749-17-004366-index.htm,https://www.sec.gov/Archives/edgar/data/835324/000143774917004366/sybt20161231_10k.htm
0,2016-09-30,SYBT,2016-11-07,2016-11-07 13:02:37,Q3,36120000,1180000.0,34940000,0.9673311184939092,0.0,21770000,0.0,0.0,22950000,13795000,1180000.0,2729999.9999999995,18260000,0.68957996769,14350000,0.579563812601,0.0,14350000,0.579563812601,3880000.0,10470000,0.422738287561,0.45921,0.45921,22800000,22800000,https://www.sec.gov/Archives/edgar/data/835324/000143774916041231/0001437749-16-041231-index.htm,https://www.sec.gov/Archives/edgar/data/835324/000143774916041231/sybt20161024_10q.htm
0,2016-06-30,SYBT,2016-08-05,2016-08-05 10:18:05,Q2,34730000,1210000.0,33520000,0.9651598042038584,0.0,20940000,0.0,0.0,22150000,13852000,1210000.0,2630000.0,17630000,0.685386221294,13790000,0.575574112735,0.0,13790000,0.575574112735,3680000.0,10110000,0.422087682672,0.44537,0.44537,22700000,22700000,https://www.sec.gov/Archives/edgar/data/835324/000143774916036538/0001437749-16-036538-index.htm,https://www.sec.gov/Archives/edgar/data/835324/000143774916036538/sybt20160630_10q.htm
0,2016-03-31,SYBT,2016-05-06,2016-05-06 08:51:32,Q1,33550000,1230000.0,32320000,0.963338301043219,0.0,20040000,0.0,0.0,21270000,13739000,1230000.0,2660000.0,17410000,0.689121820274,13510000,0.575695598449,0.0,13510000,0.575695598449,3680000.0,9840000.0,0.419063445396,0.43559,0.43559,22590000,22590000,https://www.sec.gov/Archives/edgar/data/835324/000143774916031022/0001437749-16-031022-index.htm,https://www.sec.gov/Archives/edgar/data/835324/000143774916026823/sybt20151231_10k.htm
0,2015-12-31,SYBT,2016-03-04,2016-03-04 14:02:57,Q4,32890000,1220000.0,31670000,0.9629066585588325,0.0,19070000,0.0,0.0,20290000,12459000,1220000.0,1810000.0000000005,16860000,0.502147051091,13820000,0.422662343353,0.0,13820000,0.605687494523,4180000.0,9650000.0,0.422662343353,0.4268,0.4268,22610000,22610000,https://www.sec.gov/Archives/edgar/data/835324/000143774916026823/0001437749-16-026823-index.htm,https://www.sec.gov/Archives/edgar/data/835324/000143774916026823/sybt20151231_10k.htm
0,2015-09-30,SYBT,2015-11-05,2015-11-05 13:53:20,Q3,32070000,1200000.0,30870000,0.9625818521983162,0.0,18430000,0.0,0.0,19630000,12905000,1200000.0,1719999.9999999998,16550000,0.117476563561,13640000,0.0398532675151,0.0,13640000,0.617544495267,4350000.0,9280000.0,0.420451972284,0.41281,0.41281,22480000,22480000,https://www.sec.gov/Archives/edgar/data/835324/000143774915019786/0001437749-15-019786-index.htm,https://www.sec.gov/Archives/edgar/data/835324/000143774915019786/sybt20150930_10q.htm
0,2015-06-30,SYBT,2015-08-04,2015-08-04 09:47:49,Q2,32020000,1200000.0,30820000,0.962523422860712,0.0,18870000,0.0,0.0,20070000,13139000,1200000.0,1700000.0000000002,16050000,0.681390761892,13150000,0.60332094858,0.0,13150000,0.60332094858,4150000.0,9000000.0,0.412916838677,0.40179,0.40179,22400000,22400000,https://www.sec.gov/Archives/edgar/data/835324/000110465915055659/0001104659-15-055659-index.htm,https://www.sec.gov/Archives/edgar/data/835324/000110465915055659/a15-11954_110q.htm
0,2015-03-31,SYBT,2015-05-07,2015-05-07 09:44:29,Q1,31280000,1230000.0,30050000,0.9606777493606138,0.0,17780000,0.0,0.0,19010000,12554000,1230000.0,1670000.0,16410000,0.702322568705,13510000,0.624965300268,0.0,13510000,0.624965300268,4250000.0,9260000.0,0.428194688628,0.41562,0.41562,22280000,22280000,https://www.sec.gov/Archives/edgar/data/835324/000110465915035276/0001104659-15-035276-index.htm,https://www.sec.gov/Archives/edgar/data/835324/000110465915017724/a14-26847_110k.htm
0,2014-12-31,SYBT,2015-03-06,2015-03-06 16:20:56,Q4,31280000,1270000.0,30010000,0.9593989769820972,0.0,19260000,0.0,0.0,20530000,12514000,1270000.0,4180000.0,17480000,0.682116126633,12030000,0.559202268607,0.0,12030000,0.559202268607,3310000.0,8720000.0,0.405466970387,0.39138,0.39138,22280000,22280000,https://www.sec.gov/Archives/edgar/data/835324/000110465915017724/0001104659-15-017724-index.htm,https://www.sec.gov/Archives/edgar/data/835324/000110465915017724/a14-26847_110k.htm
0,2014-09-30,SYBT,2014-11-05,2014-11-05 11:37:56,Q3,31210000,1330000.0,29880000,0.9573854533803268,0.0,16610000,0.0,0.0,17940000,13446000,1330000.0,1543000.0,15940000,1.09563263587,14600000,1.02340495249,0.0,14600000,0.683611852268,4720000.0,9890000.0,0.462903150307,0.44711,0.44711,22120000,22120000,https://www.sec.gov/Archives/edgar/data/835324/000110465914076902/0001104659-14-076902-index.htm,https://www.sec.gov/Archives/edgar/data/835324/000110465914076902/a14-19784_110q.htm
0,2014-06-30,SYBT,2014-08-07,2014-08-07 07:48:55,Q2,30720000,1360000.0,29360000,0.9557291666666666,0.0,19050000,0.0,0.0,20410000,12442000,1360000.0,1540000.0,14560000,0.463422900024,11660000,0.38896151053,0.0,11660000,0.56456063907,3630000.0,8030000.0,0.38896151053,0.36401,0.36401,22060000,22060000,https://www.sec.gov/Archives/edgar/data/835324/000110465914057862/0001104659-14-057862-index.htm,https://www.sec.gov/Archives/edgar/data/835324/000110465914057862/a14-14068_110q.htm
0,2014-03-31,SYBT,2014-05-07,2014-05-07 09:29:02,Q1,29710000,1380000.0,28330000,0.9535509929316729,0.0,17890000,0.0,0.0,19270000,12678000,1380000.0,1690000.0,14880000,0.487690330235,11810000,0.404241645244,0.0,11810000,10.985116279069768,3630000.0,8180000.0,0.404241645244,0.37098,0.37098,22050000,22050000,https://www.sec.gov/Archives/edgar/data/835324/000110465914035516/0001104659-14-035516-index.htm,https://www.sec.gov/Archives/edgar/data/835324/000110465914017333/a14-2956_110k.htm
0,2013-12-31,SYBT,2014-03-07,2014-03-07 12:04:29,Q4,29650000,2230000.0,27420000,0.9247892074198988,0.0,20960000,0.0,0.0,23190000,12583000,2230000.0,3029999.9999999995,13960000,0.0251978027516,8700000.0,6.640458015267176,0.0,8700000.0,0.438391372272,2390000.0,6310000.0,0.318147457542,0.28565,0.28565,22090000,22090000,https://www.sec.gov/Archives/edgar/data/835324/000110465914017333/0001104659-14-017333-index.htm,https://www.sec.gov/Archives/edgar/data/835324/000110465914017333/a14-2956_110k.htm
0,2013-09-30,SYBT,2013-11-07,2013-11-07 13:59:59,Q3,29670000,2250000.0,27420000,0.9241658240647118,0.0,18900000,0.0,0.0,21150000,12028000,2250000.0,1790000.0000000005,14810000,0.627716441025,10770000,0.538192536344,0.0,10770000,0.538192536344,3090000.0,7680000.0,0.383773792277,0.35181,0.35181,21830000,21830000,https://www.sec.gov/Archives/edgar/data/835324/000110465913082165/0001104659-13-082165-index.htm,https://www.sec.gov/Archives/edgar/data/835324/000110465913082165/a13-19629_110q.htm
0,2013-06-30,SYBT,2013-08-05,2013-08-05 12:32:49,Q2,29290000,2320000.0,26970000,0.9207920792079208,0.0,20150000,0.0,0.0,22470000,11840000,2320000.0,1920000.0,13380000,0.582608695652,9140000.0,0.48163372859,0.0,9140000.0,0.48163372859,2730000.0,6410000.0,0.337654808959,0.30009,0.30009,21360000,21360000,https://www.sec.gov/Archives/edgar/data/835324/000110465913059729/0001104659-13-059729-index.htm,https://www.sec.gov/Archives/edgar/data/835324/000110465913059729/a13-13748_110q.htm
0,2013-03-31,SYBT,2013-05-06,2013-05-06 11:48:52,Q1,27690000,2370000.0,25320000,0.914409534127844,0.0,17910000,0.0,0.0,20280000,11013000,2370000.0,1230000.0,13390000,0.596815252126,9790000.0,0.53008720143,0.0,9790000.0,0.53008720143,3020000.0,6770000.0,0.366570979797,0.32579,0.32579,20780000,20780000,https://www.sec.gov/Archives/edgar/data/835324/000110465913037483/0001104659-13-037483-index.htm,https://www.sec.gov/Archives/edgar/data/835324/000110465913019212/a13-1399_110k.htm
0,2012-12-31,SYBT,2013-03-11,2013-03-11 15:10:23,Q4,28440000,3720000.0,24720000,0.869198312236287,0.0,19660000,0.0,-9711000.0,23380000,10918000,3720000.0,1270000.0,13770000,0.0231567449481,8780000.0,8.6237721021611,-2878000.0,8780000.0,0.479464773348,2270000.0,6510000.0,0.355761878755,0.31104,0.31104,20930000,20930000,https://www.sec.gov/Archives/edgar/data/835324/000110465913019212/0001104659-13-019212-index.htm,https://www.sec.gov/Archives/edgar/data/835324/000110465913019212/a13-1399_110k.htm
0,2012-09-30,SYBT,2012-11-06,2012-11-06 08:11:46,Q3,28600000,2900000.0,25700000,0.8986013986013986,0.0,19530000,0.0,9711000.0,22430000,11007000,2900000.0,1270000.0,13240000,0.55003990423,9070000.0,0.482575152966,2878000.0,9070000.0,0.482575152966,2390000.0,6680000.0,0.355520085129,0.31885,0.31885,20950000,20950000,https://www.sec.gov/Archives/edgar/data/835324/000110465912074453/0001104659-12-074453-index.htm,https://www.sec.gov/Archives/edgar/data/835324/000110465912074453/a12-19897_110q.htm
0,2012-06-30,SYBT,2012-08-06,2012-08-06 08:56:34,Q2,27590000,3070000.0,24520000,0.8887277999275099,0.0,18990000,0.0,0.0,22060000,10948000,3070000.0,1230000.0,12900000,0.537523913638,8600000.0,0.470183110139,0.0,8600000.0,0.470183110139,2500000.0,6100000.0,0.333588412134,0.29173,0.29173,20910000,20910000,https://www.sec.gov/Archives/edgar/data/835324/000110465912054383/0001104659-12-054383-index.htm,https://www.sec.gov/Archives/edgar/data/835324/000110465912054383/a12-13683_110q.htm
0,2012-03-31,SYBT,2012-05-04,2012-05-04 12:48:50,Q1,27800000,3260000.0,24540000,0.8827338129496403,0.0,18820000,0.0,0.0,22080000,10365000,3260000.0,1190000.0,13430000,0.548194070081,8980000.0,0.484312668464,0.0,8980000.0,0.484312668464,2480000.0,6500000.0,0.35051212938,0.31205,0.31205,20830000,20830000,https://www.sec.gov/Archives/edgar/data/835324/000110465912033060/0001104659-12-033060-index.htm,https://www.sec.gov/Archives/edgar/data/835324/000110465912014363/a12-1130_110k.htm
0,2011-12-31,SYBT,2012-02-29,2012-02-29 10:37:47,Q4,27250000,3550000.0,23700000,0.8697247706422019,0.0,19830000,0.0,0.0,23380000,9797000.0,3550000.0,1079999.9999999995,12050000,0.471469804618,7420000.0,0.411745115453,0.0,7420000.0,0.411745115453,1080000.0,6340000.0,0.352020426288,0.30554,0.30554,20750000,20750000,https://www.sec.gov/Archives/edgar/data/835324/000110465912014363/0001104659-12-014363-index.htm,https://www.sec.gov/Archives/edgar/data/835324/000110465912014363/a12-1130_110k.htm
0,2011-09-30,SYBT,2011-11-04,2011-11-04 09:33:59,Q3,25650000,3830000.0,21820000,0.850682261208577,0.0,17400000,0.0,0.0,21230000,8811000.0,3830000.0,1020000.0,13090000,0.52119168072,8250000.0,0.463518830804,0.0,8250000.0,0.463518830804,2470000.0,5770000.0,0.324564362001,0.27794,0.27794,20760000,20760000,https://www.sec.gov/Archives/edgar/data/835324/000110465911060873/0001104659-11-060873-index.htm,https://www.sec.gov/Archives/edgar/data/835324/000110465911060873/a11-25714_110q.htm
0,2011-06-30,SYBT,2011-08-05,2011-08-05 08:21:24,Q2,25760000,3960000.0,21800000,0.8462732919254659,0.0,17330000,0.0,0.0,21290000,9940000.0,3960000.0,1450000.0,13850000,5.703125,8440000.0,8.789583333333333,0.0,8440000.0,8.789583333333333,2440000.0,6000000.0,6.246875,0.28818,0.28818,20820000,20820000,https://www.sec.gov/Archives/edgar/data/835324/000110465911043975/0001104659-11-043975-index.htm,https://www.sec.gov/Archives/edgar/data/835324/000110465911043975/a11-13930_110q.htm
0,2011-03-31,SYBT,2011-05-06,2011-05-06 09:10:04,Q1,25330000,3970000.0,21360000,0.8432688511646269,0.0,17630000,0.0,0.0,21600000,0.0,3970000.0,470000.0,12130000,9.303306727480045,7690000.0,8.771949828962372,0.0,7690000.0,8.771949828962372,2200000.0,5490000.0,6.261117445838084,0.26445,0.26445,20760000,20760000,https://www.sec.gov/Archives/edgar/data/835324/000110465911026605/0001104659-11-026605-index.htm,https://www.sec.gov/Archives/edgar/data/835324/000110465911011482/a11-2096_110k.htm
0,2010-12-31,SYBT,2011-03-01,2011-03-01 16:35:46,Q4,26900000,4400000.0,22500000,0.8364312267657993,0.0,18780000,0.0,0.0,23180000,0.0,4400000.0,890000.0000000001,13410000,10.458236658932714,8120000.0,9.424593967517401,0.0,8120000.0,9.424593967517401,2070000.0,6050000.0,7.0197215777262185,0.29185,0.29185,20730000,20730000,https://www.sec.gov/Archives/edgar/data/835324/000110465911011482/0001104659-11-011482-index.htm,https://www.sec.gov/Archives/edgar/data/835324/000110465911011482/a11-2096_110k.htm
0,2010-09-30,SYBT,2010-11-04,2010-11-04 14:00:29,Q3,25470000,4800000.0,20670000,0.8115429917550059,0.0,16610000,0.0,0.0,21410000,0.0,4800000.0,730000.0,14410000,11.471923536439666,8870000.0,10.599761051373955,0.0,8870000.0,10.599761051373955,2510000.0,6370000.0,7.604540023894862,0.30758,0.30758,20710000,20710000,https://www.sec.gov/Archives/edgar/data/835324/000110465910055965/0001104659-10-055965-index.htm,https://www.sec.gov/Archives/edgar/data/835324/000110465910055965/a10-17316_110q.htm
0,2010-06-30,SYBT,2010-08-05,2010-08-05 14:12:50,Q2,24470000,4900000.0,19570000,0.7997548017981202,0.0,16760000,0.0,0.0,21660000,0.0,4900000.0,849999.9999999999,13460000,9.91657010428737,7710000.0,8.928157589803012,0.0,7710000.0,8.928157589803012,2150000.0,5560000.0,6.4380069524913095,0.26886,0.26886,20680000,20680000,https://www.sec.gov/Archives/edgar/data/835324/000110465910042301/0001104659-10-042301-index.htm,https://www.sec.gov/Archives/edgar/data/835324/000110465910042301/a10-12657_110q.htm
0,2010-03-31,SYBT,2010-05-06,2010-05-06 16:37:46,Q1,23770000,5160000.0,18610000,0.7829196466133782,0.0,16460000,0.0,0.0,21620000,0.0,5160000.0,800000.0,13280000,10.808255659121171,7320000.0,9.74300932090546,0.0,7320000.0,9.74300932090546,2340000.0,4980000.0,6.6324900133155795,0.24198,0.24198,20580000,20580000,https://www.sec.gov/Archives/edgar/data/835324/000110465910026403/0001104659-10-026403-index.htm,https://www.sec.gov/Archives/edgar/data/835324/000110465910013951/a09-35837_110k.htm
0,2009-12-31,SYBT,2010-03-12,2010-03-12 13:59:36,Q4,22740000,5780000.0,16960000,0.7458223394898856,0.0,18850000,0.0,0.0,24630000,0.0,5780000.0,749999.9999999998,10430000,6.141160949868074,3900000.0,5.145118733509235,0.0,3900000.0,5.145118733509235,1020000.0,2880000.0,3.8047493403693933,0.14035,0.14035,20520000,20520000,https://www.sec.gov/Archives/edgar/data/835324/000110465910013951/0001104659-10-013951-index.htm,https://www.sec.gov/Archives/edgar/data/835324/000110465910013951/a09-35837_110k.htm
0,2009-09-30,SYBT,2009-11-06,2009-11-06 11:23:17,Q3,22920000,6510000.0,16410000,0.7159685863874345,0.0,16510000,0.0,0.0,23020000,0.0,6510000.0,790000.0,13720000,9.671140939597315,6420000.0,8.610738255033556,0.0,6420000.0,8.610738255033556,2020000.0,4400000.0,5.904697986577181,0.21411,0.21411,20550000,20550000,https://www.sec.gov/Archives/edgar/data/835324/000110465909063220/0001104659-09-063220-index.htm,https://www.sec.gov/Archives/edgar/data/835324/000110465909063220/a09-30837_110q.htm
0,2009-06-30,SYBT,2009-08-07,2009-08-07 09:23:42,Q2,22380000,6480000.0,15900000,0.710455764075067,0.0,16230000,0.0,0.0,22710000,0.0,6480000.0,630000.0,13260000,9.072289156626505,6150000.0,8.234270414993306,0.0,6150000.0,8.234270414993306,1860000.0,4290000.0,5.740294511378849,0.20835,0.20835,20590000,20590000,https://www.sec.gov/Archives/edgar/data/835324/000110465909048010/0001104659-09-048010-index.htm,https://www.sec.gov/Archives/edgar/data/835324/000110465909048010/a09-18471_110q.htm
0,2009-03-31,SYBT,2009-05-07,2009-05-07 08:46:21,Q1,20670000,6410000.0,14260000,0.6898887276245766,0.0,13900000,0.0,0.0,20310000,0.0,6410000.0,380000.0,13570000,10.861911987860395,6780000.0,10.280728376327769,0.0,6780000.0,10.280728376327769,2040000.0,4740000.0,7.188163884673748,0.23167,0.23167,20460000,20460000,https://www.sec.gov/Archives/edgar/data/835324/000110465909030228/0001104659-09-030228-index.htm,https://www.sec.gov/Archives/edgar/data/835324/000110465909017149/a09-1354_110k.htm
0,2008-12-31,SYBT,2009-03-13,2009-03-12 18:22:18,Q4,21350000,6760000.0,14590000,0.6833723653395785,0.0,14040000,0.0,0.0,20800000,0.0,6760000.0,649999.9999999999,14720000,11.852459016393443,7310000.0,10.886736214605067,0.0,7310000.0,10.886736214605067,2240000.0,5070000.0,7.549925484351714,0.2472,0.2472,20510000,20510000,https://www.sec.gov/Archives/edgar/data/835324/000110465909017149/0001104659-09-017149-index.htm,https://www.sec.gov/Archives/edgar/data/835324/000110465909017149/a09-1354_110k.htm
0,2008-09-30,SYBT,2008-11-07,2008-11-07 11:31:18,Q3,21110000,7820000.0,13290000,0.6295594504973946,0.0,12880000,0.0,0.0,20700000,0.0,7820000.0,629999.9999999999,16670000,13.376132930513595,8220000.0,12.415407854984894,0.0,8220000.0,12.415407854984894,2780000.0,5440000.0,8.222054380664652,0.26563,0.26563,20480000,20480000,https://www.sec.gov/Archives/edgar/data/835324/000110465908069007/0001104659-08-069007-index.htm,https://www.sec.gov/Archives/edgar/data/835324/000110465908069007/a08-25349_110q.htm
0,2008-06-30,SYBT,2008-08-08,2008-08-08 14:10:18,Q2,22080000,7060000.0,15020000,0.6802536231884058,0.0,13310000,0.0,0.0,20370000,0.0,7060000.0,650000.0,16480000,13.622286541244573,8770000.0,12.68451519536903,0.0,8770000.0,12.68451519536903,2640000.0,6130000.0,8.869753979739508,0.29844,0.29844,20540000,20540000,https://www.sec.gov/Archives/edgar/data/835324/000110465908051262/0001104659-08-051262-index.htm,https://www.sec.gov/Archives/edgar/data/835324/000110465908051262/a08-18646_110q.htm
0,2008-03-31,SYBT,2008-05-12,2008-05-12 09:57:51,Q1,20740000,8620000.0,12120000,0.5843780135004821,0.0,13300000,0.0,0.0,21920000,0.0,8620000.0,600000.0,16670000,12.951690821256038,7440000.0,11.985507246376812,0.0,7440000.0,11.985507246376812,2410000.0,5040000.0,8.112721417069244,0.24694,0.24694,20410000,20410000,https://www.sec.gov/Archives/edgar/data/835324/000110465908032146/0001104659-08-032146-index.htm,https://www.sec.gov/Archives/edgar/data/835324/000110465908017429/a08-2561_110k.htm
0,2007-12-31,SYBT,2008-03-13,2008-03-13 17:21:18,Q4,21040000,9590000.0,11450000,0.5442015209125475,0.0,13590000,0.0,0.0,23180000,0.0,9590000.0,570000.0000000001,17620000,12.722662440570524,7460000.0,11.8256735340729,0.0,7460000.0,11.8256735340729,1300000.0,6160000.0,9.768621236133121,0.29389,0.29389,20960000,20960000,https://www.sec.gov/Archives/edgar/data/835324/000110465908017429/0001104659-08-017429-index.htm,https://www.sec.gov/Archives/edgar/data/835324/000110465908017429/a08-2561_110k.htm
0,2007-09-30,SYBT,2007-11-08,2007-11-08 16:13:07,Q3,21110000,9520000.0,11590000,0.5490288962576978,0.0,12380000,0.0,0.0,21900000,0.0,9520000.0,579999.9999999998,18830000,15.629194630872483,8730000.0,14.64765100671141,0.0,8730000.0,14.64765100671141,2840000.0,5890000.0,9.87751677852349,0.26413,0.26413,22300000,22300000,https://www.sec.gov/Archives/edgar/data/835324/000110465907081195/0001104659-07-081195-index.htm,https://www.sec.gov/Archives/edgar/data/835324/000110465907081195/a07-25486_110q.htm
0,2007-06-30,SYBT,2007-08-08,2007-08-08 15:12:16,Q2,21300000,9240000.0,12060000,0.5661971830985916,0.0,11940000,0.0,0.0,21180000,0.0,9240000.0,640000.0000000001,19240000,16.940677966101696,9360000.0,15.86271186440678,0.0,9360000.0,15.86271186440678,3060000.0,6300000.0,10.672881355932203,0.28899,0.28899,21800000,21800000,https://www.sec.gov/Archives/edgar/data/835324/000110465907060173/0001104659-07-060173-index.htm,https://www.sec.gov/Archives/edgar/data/835324/000110465907060173/a07-18789_110q.htm
0,2007-03-31,SYBT,2007-05-09,2007-05-09 16:41:15,Q1,20570000,9190000.0,11380000,0.5532328633932913,0.0,12150000,0.0,0.0,21340000,0.0,9190000.0,710000.0,18310000,16.83579335793358,8420000.0,15.527675276752767,0.0,8420000.0,15.527675276752767,2710000.0,5700000.0,10.523985239852399,0.25956,0.25956,21960000,21960000,https://www.sec.gov/Archives/edgar/data/835324/000110465907037591/0001104659-07-037591-index.htm,https://www.sec.gov/Archives/edgar/data/835324/000110465907019874/a07-5536_110k.htm
0,2006-12-31,SYBT,2007-03-16,2007-03-16 13:33:51,Q4,21390000,8870000.0,12520000,0.5853202431042543,0.0,12340000,0.0,0.0,21210000,0.0,8870000.0,720000.0000000002,18640000,18.317073170731707,9050000.0,16.9718574108818,0.0,9050000.0,16.9718574108818,2760000.0,6290000.0,11.795497185741088,0.28436,0.28436,22120000,22120000,https://www.sec.gov/Archives/edgar/data/835324/000110465907019874/0001104659-07-019874-index.htm,https://www.sec.gov/Archives/edgar/data/835324/000110465907019874/a07-5536_110k.htm
0,2006-09-30,SYBT,2006-11-08,2006-11-08 12:22:17,Q3,20620000,8420000.0,12200000,0.5916585838991271,0.0,12360000,0.0,0.0,20780000,0.0,8420000.0,729999.9999999998,17400000,17.11758691206544,8250000.0,16.37116564417178,0.0,8250000.0,16.37116564417178,2830000.0,5420000.0,10.982617586912065,0.24547,0.24547,22080000,22080000,https://www.sec.gov/Archives/edgar/data/835324/000110465906072610/0001104659-06-072610-index.htm,https://www.sec.gov/Archives/edgar/data/835324/000110465906072610/a06-21587_110q.htm
0,2006-06-30,SYBT,2006-08-09,2006-08-09 08:22:14,Q2,20680000,7790000.0,12890000,0.6233075435203095,0.0,11880000,0.0,0.0,19670000,0.0,7790000.0,740000.0,17330000,37.166666666666664,8800000.0,21.729166666666668,0.0,8800000.0,21.729166666666668,2930000.0,5870000.0,11.416666666666666,0.26525,0.26525,22130000,22130000,https://www.sec.gov/Archives/edgar/data/835324/000110465906052774/0001104659-06-052774-index.htm,https://www.sec.gov/Archives/edgar/data/835324/000110465906052774/a06-15237_110q.htm
0,2006-03-31,SYBT,2006-05-10,2006-05-10 12:34:50,Q1,19880000,7350000.0,12530000,0.6302816901408451,0.0,12130000,0.0,0.0,19480000,0.0,7350000.0,790000.0,15900000,18.232409381663114,7760000.0,16.541577825159916,0.0,7760000.0,16.541577825159916,2440000.0,5320000.0,11.343283582089553,0.24051,0.24051,22120000,22120000,https://www.sec.gov/Archives/edgar/data/835324/000110465906033083/0001104659-06-033083-index.htm,https://www.sec.gov/Archives/edgar/data/835324/000110465906016771/a06-1986_110k.htm
0,2005-12-31,SYBT,2006-03-15,2006-03-15 13:11:38,Q4,26710000,0.0,26710000,1.0,0.0,11990000,0.0,0.0,11990000,0.0,-17275000,799999.9999999998,-1755000.0000000002,18.699526813880126,14720000,18.070189274447948,0.0,14720000,18.070189274447948,2600000.0,12120000,12.455047318611987,0.54743,0.54743,22140000,22140000,https://www.sec.gov/Archives/edgar/data/835324/000110465906016771/0001104659-06-016771-index.htm,https://www.sec.gov/Archives/edgar/data/835324/000110465906016771/a06-1986_110k.htm
0,2005-09-30,SYBT,2005-11-09,2005-11-09 08:20:40,Q3,36230000,0.0,36230000,1.0,0.0,11050000,0.0,0.0,11050000,0.0,-343000.0,810000.0,25647000,124.66666666666667,25180000,56.916666666666664,0.0,25180000,56.916666666666664,2820000.0,22360000,29.916666666666668,0.98763,0.98763,22640000,22640000,https://www.sec.gov/Archives/edgar/data/835324/000110465905053752/0001104659-05-053752-index.htm,https://www.sec.gov/Archives/edgar/data/835324/000110465905053752/a05-18007_110q.htm
0,2005-06-30,SYBT,2005-08-08,2005-08-08 10:54:08,Q2,19010000,5490000.0,13520000,0.7112046291425566,0.0,11060000,0.0,0.0,16550000,0.0,5490000.0,830000.0,14270000,43.5,7950000.0,23.857142857142858,0.0,7950000.0,23.857142857142858,2460000.0,5490000.0,17.023809523809526,0.24719,0.24719,22210000,22210000,https://www.sec.gov/Archives/edgar/data/835324/000110465905037093/0001104659-05-037093-index.htm,https://www.sec.gov/Archives/edgar/data/835324/000110465905037093/a05-12637_110q.htm
0,2005-03-31,SYBT,2005-05-09,2005-05-09 15:06:23,Q1,17760000,5190000.0,12570000,0.7077702702702703,0.0,10810000,0.0,0.0,16000000,0.0,5190000.0,820000.0,12970000,20.269633507853403,6950000.0,18.12041884816754,0.0,6950000.0,18.12041884816754,2180000.0,4780000.0,12.50523560209424,0.21368,0.21368,22370000,22370000,https://www.sec.gov/Archives/edgar/data/835324/000110465905021622/0001104659-05-021622-index.htm,https://www.sec.gov/Archives/edgar/data/835324/000110465905010824/a05-2048_110k.htm
0,2004-12-31,SYBT,2005-03-14,2005-03-14 14:37:14,Q4,17510000,4580000.0,12930000,0.7384351798972016,0.0,10360000,0.0,0.0,14940000,0.0,4580000.0,839999.9999999999,12580000,22.995675675675674,7150000.0,22.08972972972973,0.0,7150000.0,22.08972972972973,2230000.0,4930000.0,15.071351351351352,0.22338,0.22338,22070000,22070000,https://www.sec.gov/Archives/edgar/data/835324/000110465905010824/0001104659-05-010824-index.htm,https://www.sec.gov/Archives/edgar/data/835324/000110465905010824/a05-2048_110k.htm
0,2004-09-30,SYBT,2004-11-05,2004-11-05 13:55:34,Q3,17170000,4190000.0,12980000,0.7559697146185207,0.0,9880000.0,0.0,0.0,14070000,0.0,4190000.0,1020000.0,12490000,129.0,7280000.0,44.083333333333336,0.0,7280000.0,44.083333333333336,2310000.0,4970000.0,32.666666666666664,0.22237,0.22237,22350000,22350000,https://www.sec.gov/Archives/edgar/data/835324/000110465904033858/0001104659-04-033858-index.htm,https://www.sec.gov/Archives/edgar/data/835324/000110465904033858/a04-12541_110q.htm
0,2004-06-30,SYBT,2004-08-06,2004-08-06 09:58:04,Q2,17590000,3700000.0,13890000,0.7896532120523024,0.0,10840000,0.0,0.0,14540000,0.0,3700000.0,570000.0000000001,11020000,8.565217391304348,6750000.0,2.3152173913043477,0.0,6750000.0,2.3152173913043477,2170000.0,4580000.0,1.423913043478261,0.20538,0.20538,22300000,22300000,https://www.sec.gov/Archives/edgar/data/835324/000110465904022860/0001104659-04-022860-index.htm,https://www.sec.gov/Archives/edgar/data/835324/000110465904022860/a04-8866_110q.htm
0,2004-03-31,SYBT,2004-05-07,2004-05-07 11:35:46,Q1,16640000,3840000.0,12800000,0.7692307692307693,0.0,10100000,0.0,0.0,13940000,0.0,3840000.0,740000.0,11120000,31.223175965665234,6540000.0,28.064377682403432,0.0,6540000.0,28.064377682403432,2090000.0,4450000.0,19.090128755364805,0.20027,0.20027,22220000,22220000,https://www.sec.gov/Archives/edgar/data/835324/000110465904013121/0001104659-04-013121-index.htm,https://www.sec.gov/Archives/edgar/data/835324/000110465904007169/a04-3220_110k.htm
0,2003-12-31,SYBT,2004-03-12,2004-03-12 11:23:33,Q4,17530000,4100000.0,13430000,0.7661152310325157,0.0,11080000,0.0,0.0,15180000,0.0,4100000.0,790000.0,11340000,25.370273794002607,6460000.0,24.344198174706648,0.0,6460000.0,24.344198174706648,1990000.0,4460000.0,16.59452411994785,0.20172,0.20172,22110000,22110000,https://www.sec.gov/Archives/edgar/data/835324/000110465904007169/0001104659-04-007169-index.htm,https://www.sec.gov/Archives/edgar/data/835324/000110465904007169/a04-3220_110k.htm
0,2003-09-30,SYBT,2003-11-12,2003-11-12 15:02:15,Q3,17220000,4180000.0,13040000,0.7572590011614402,0.0,9820000.0,0.0,0.0,14000000,0.0,4180000.0,769999.9999999998,12350000,33.21138211382114,7400000.0,30.077235772357724,0.0,7400000.0,30.077235772357724,2420000.0,4980000.0,20.247967479674795,0.22626,0.22626,22010000,22010000,https://www.sec.gov/Archives/edgar/data/835324/000110465903025765/0001104659-03-025765-index.htm,https://www.sec.gov/Archives/edgar/data/835324/000110465903025765/a03-4968_110q.htm
0,2003-06-30,SYBT,2003-08-12,2003-08-12 11:39:48,Q2,16820000,4480000.0,12340000,0.7336504161712247,0.0,10700000,0.0,0.0,15180000,0.0,4480000.0,720000.0000000001,11320000,23.81184668989547,6110000.0,21.303135888501743,0.0,6110000.0,21.303135888501743,1980000.0,4140000.0,14.414634146341463,0.18844,0.18844,21970000,21970000,https://www.sec.gov/Archives/edgar/data/835324/000110465903017652/0001104659-03-017652-index.htm,https://www.sec.gov/Archives/edgar/data/835324/000110465903017652/a03-2388_110q.htm
0,2003-03-31,SYBT,2003-05-12,2003-05-12 16:55:30,Q1,15880000,4650000.0,11230000,0.7071788413098237,0.0,9780000.0,0.0,0.0,14430000,0.0,4650000.0,640000.0,11390000,27.201612903225808,6100000.0,24.608870967741936,0.0,6100000.0,24.608870967741936,1970000.0,4130000.0,16.649193548387096,0.18815,0.18815,21950000,21950000,https://www.sec.gov/Archives/edgar/data/835324/000110465903009159/0001104659-03-009159-index.htm,https://www.sec.gov/Archives/edgar/data/835324/000110465903004585/j8518_10k.htm
0,2002-12-31,SYBT,2003-03-20,2003-03-20 08:32:44,Q4,17040000,5200000.0,11840000,0.6948356807511737,0.0,11000000,0.0,0.0,16200000,0.0,5200000.0,630000.0000000001,11880000,7.3915929203539825,6050000.0,6.689159292035399,0.0,6050000.0,6.689159292035399,1850000.0,4200000.0,4.640486725663717,0.19134,0.19134,21950000,21950000,https://www.sec.gov/Archives/edgar/data/835324/000110465903004585/0001104659-03-004585-index.htm,https://www.sec.gov/Archives/edgar/data/835324/000110465903004585/j8518_10k.htm
0,2002-09-30,SYBT,2002-11-14,2002-11-14 12:19:14,Q3,16140000,5650000.0,10490000,0.6499380421313506,0.0,10060000,0.0,0.0,15710000,0.0,5650000.0,570000.0000000001,12310000,0.41809505870534314,6090000.0,0.38230677465938345,0.0,6090000.0,0.38230677465938345,2000000.0,4090000.0,0.2566710617190934,0.18599,0.18599,21990000,21990000,https://www.sec.gov/Archives/edgar/data/835324/000110465902006160/0001104659-02-006160-index.htm,https://www.sec.gov/Archives/edgar/data/835324/000110465902006160/j5286_10q.htm
0,2002-06-30,SYBT,2002-08-13,2002-08-13 16:46:52,Q2,15200000,5800000.0,9400000.0,0.618421052631579,0.0,9740000.0,0.0,0.0,15540000,0.0,5800000.0,540000.0,11800000,0.3805752660922453,5470000.0,0.34636340598074,0.0,5470000.0,0.34636340598074,1800000.0,3660000.0,0.2321338063862139,0.16629,0.16629,22010000,22010000,https://www.sec.gov/Archives/edgar/data/835324/000110465902003767/0001104659-02-003767-index.htm,https://www.sec.gov/Archives/edgar/data/835324/000110465902003767/j4533_10q.htm
0,2002-03-31,SYBT,2002-05-14,2002-05-14 10:59:08,Q1,14760000,5750000.0,9010000.0,0.6104336043360433,0.0,9230000.0,0.0,0.0,14980000,0.0,5750000.0,480000.0,11750000,0.3885725378542772,5530000.0,0.35751261809240326,0.0,5530000.0,0.35751261809240326,1820000.0,3700000.0,0.2396143393296234,0.16918,0.16918,21870000,21870000,https://www.sec.gov/Archives/edgar/data/835324/000110465902002209/0001104659-02-002209-index.htm,https://www.sec.gov/Archives/edgar/data/835324/000091205702011138/a2072992z10-k405.htm
0,2001-12-31,SYBT,2002-03-22,2002-03-22 00:00:00,Q4,14720000,6610000.0,8110000.0,0.5509510869565217,0.0,9340000.0,0.0,0.0,15950000,0.0,6610000.0,520000.0,12510000,0.0,5380000.0,0.0,0.0,5380000.0,0.0,1760000.0,3620000.0,0.0,0.1659,0.1659,21820000,21820000,https://www.sec.gov/Archives/edgar/data/835324/000091205702011138/0000912057-02-011138-index.htm,https://www.sec.gov/Archives/edgar/data/835324/000091205702011138/a2072992z10-k405.htm
0,2001-09-30,SYBT,2001-11-13,2001-11-13 00:00:00,Q3,13630000,7700000.0,5930000.0,0.43506969919295674,0.0,8710000.0,0.0,0.0,16410000,0.0,7700000.0,410000.00000000006,13020000,0.32283894449499545,4910000.0,0.2979678495602062,0.0,4910000.0,0.2979678495602062,1380000.0,3530000.0,0.2142553836821353,0.1617,0.1617,21830000,21830000,https://www.sec.gov/Archives/edgar/data/835324/000110465901502928/0001104659-01-502928-index.htm,https://www.sec.gov/Archives/edgar/data/835324/000110465901502928/j2022_10q.htm
0,2001-06-30,SYBT,2001-08-14,2001-08-14 00:00:00,Q2,13350000,8100000.0,5250000.0,0.39325842696629215,0.0,8450000.0,0.0,0.0,16550000,0.0,8100000.0,440000.0,13450000,0.3224116123592122,4910000.0,0.2959103776425947,0.0,4910000.0,0.2959103776425947,1560000.0,3350000.0,0.20189122447750407,0.15388,0.15388,21770000,21770000,https://www.sec.gov/Archives/edgar/data/835324/000110465901501772/0001104659-01-501772-index.htm,https://www.sec.gov/Archives/edgar/data/835324/000110465901501772/j1110_10q.htm
0,2001-03-31,SYBT,2001-05-04,2001-05-04 00:00:00,Q1,12520000,8320000.0,4200000.0,0.3354632587859425,0.0,8040000.0,0.0,0.0,16360000,0.0,8320000.0,460000.0,13260000,0.2998542628127277,4480000.0,0.271921301918873,0.0,4480000.0,0.271921301918873,1440000.0,3040000.0,0.1845397133835317,0.14113,0.14113,21540000,21540000,https://www.sec.gov/Archives/edgar/data/835324/000089230301500013/0000892303-01-500013-index.htm,https://www.sec.gov/Archives/edgar/data/835324/000089230301500013/sybform10q.htm
0,2000-12-31,SYBT,,Not found...,Q4,11930000,8550000.0,11930000,1.0,0.0,7630000.0,0.0,0.0,16180000,0.0,8550000.0,439999.99999999994,13300000,0.0,4310000.0,0.0,0.0,4310000.0,0.0,1320000.0,2990000.0,0.0,0.13939,0.13939,21450000,21450000,,
0,2000-09-30,SYBT,2000-11-13 00:00:00,2000-11-13 00:00:00,Q3,12110000,7760000.0,12110000,1.0,0.0,7490000.0,0.0,0.0,15250000,0.0,7760000.0,400000.0000000001,12780000,0.0,4620000.0,0.0,0.0,4620000.0,0.0,1510000.0,3110000.0,0.0,0.14479,0.14479,21480000,21480000,https://www.sec.gov/Archives/edgar/data/835324/000083532400000015/0000835324-00-000015-index.html,https://www.sec.gov/Archives/edgar/data/835324/000083532400000015/0000835324-00-000015-0001.txt
0,2000-06-30,SYBT,2000-08-10 00:00:00,2000-08-10 00:00:00,Q2,11790000,6860000.0,11790000,1.0,0.0,7510000.0,0.0,0.0,14370000,0.0,6860000.0,480000.0,11630000,0.0,4290000.0,0.0,0.0,4290000.0,0.0,1390000.0,2900000.0,0.0,0.13501,0.13501,21480000,21480000,https://www.sec.gov/Archives/edgar/data/835324/000083532400000010/0000835324-00-000010-index.html,https://www.sec.gov/Archives/edgar/data/835324/000083532400000010/0000835324-00-000010-0001.txt
0,2000-03-31,SYBT,2000-05-10 00:00:00,2000-05-10 00:00:00,Q1,10730000,6070000.0,10730000,1.0,0.0,6920000.0,0.0,0.0,12990000,0.0,6070000.0,480000.0,10360000,0.0,3810000.0,0.0,0.0,3810000.0,0.0,1220000.0,2590000.0,0.0,0.12047,0.12047,21500000,21500000,https://www.sec.gov/Archives/edgar/data/835324/000083532400000006/0000835324-00-000006-index.html,https://www.sec.gov/Archives/edgar/data/835324/0000835324-00-000006.txt
0,1999-12-31,SYBT,,,Q4,10460000,5660000.0,10460000,1.0,0.0,6910000.0,0.0,0.0,12570000,0.0,5660000.0,110000.0000000001,9320000.0,0.0,3550000.0,0.0,0.0,3550000.0,0.0,1120000.0,2430000.0,0.0,0.1124,0.1124,21620000,21620000,,
0,1999-09-30,SYBT,,,Q3,10370000,5240000.0,10370000,1.0,0.0,6530000.0,0.0,0.0,11770000,0.0,5240000.0,479999.9999999999,9560000.0,0.0,3840000.0,0.0,0.0,3840000.0,0.0,1250000.0,2590000.0,0.0,0.11963,0.11963,21650000,21650000,,
0,1999-06-30,SYBT,,,Q2,9880000.0,5210000.0,9880000.0,1.0,0.0,6280000.0,0.0,0.0,11490000,0.0,5210000.0,500000.0,9300000.0,0.0,3590000.0,0.0,0.0,3590000.0,0.0,1150000.0,2440000.0,0.0,0.1127,0.1127,21650000,21650000,,
0,1999-03-31,SYBT,,,Q1,9400000.0,4940000.0,9400000.0,1.0,0.0,6050000.0,0.0,0.0,10990000,0.0,4940000.0,400000.0,8680000.0,0.0,3340000.0,0.0,0.0,3340000.0,0.0,1100000.0,2240000.0,0.0,0.10342,0.10342,21660000,21660000,,
0,1998-12-31,SYBT,,,Q4,9250000.0,5080000.0,9250000.0,1.0,0.0,6270000.0,0.0,0.0,11350000,0.0,5080000.0,419999.99999999994,8490000.0,0.0,2990000.0,0.0,0.0,2990000.0,0.0,910000.0,2080000.0,0.0,0.09811,0.09811,21200000,21200000,,
0,1998-09-30,SYBT,,,Q3,9010000.0,5120000.0,9010000.0,1.0,0.0,5790000.0,0.0,0.0,10910000,0.0,5120000.0,490000.0,8840000.0,0.0,3230000.0,0.0,0.0,3230000.0,0.0,1050000.0,2180000.0,0.0,0.10102,0.10102,21580000,21580000,,
0,1998-06-30,SYBT,,,Q2,8540000.0,4920000.0,8540000.0,1.0,0.0,5500000.0,0.0,0.0,10420000,0.0,4920000.0,420000.00000000006,8380000.0,0.0,3040000.0,0.0,0.0,3040000.0,0.0,980000.0,2060000.0,0.0,0.09541,0.09541,21590000,21590000,,
0,1998-03-31,SYBT,,,Q1,7860000.0,4460000.0,7860000.0,1.0,0.0,5070000.0,0.0,0.0,9530000.0,0.0,4460000.0,370000.0,7620000.0,0.0,2790000.0,0.0,0.0,2790000.0,0.0,890000.0,1900000.0,0.0,0.0885,0.0885,21470000,21470000,,
0,1997-12-31,SYBT,,,Q4,7370000.0,4260000.0,7370000.0,1.0,0.0,5210000.0,0.0,0.0,9470000.0,0.0,4260000.0,290000.00000000006,6710000.0,0.0,2160000.0,0.0,0.0,2160000.0,0.0,500000.0,1660000.0,0.0,0.07927,0.07927,20940000,20940000,,
0,1997-09-30,SYBT,,,Q3,6870000.0,4070000.0,6870000.0,1.0,0.0,4400000.0,0.0,0.0,8470000.0,0.0,4070000.0,420000.00000000006,6960000.0,0.0,2470000.0,0.0,0.0,2470000.0,0.0,800000.0,1670000.0,0.0,0.07782,0.07782,21460000,21460000,,
0,1997-06-30,SYBT,,,Q2,6700000.0,3710000.0,6700000.0,1.0,0.0,4120000.0,0.0,0.0,7830000.0,0.0,3710000.0,350000.00000000006,6640000.0,0.0,2590000.0,0.0,0.0,2590000.0,0.0,860000.0,1720000.0,0.0,0.0803,0.0803,21420000,21420000,,
0,1997-03-31,SYBT,,,Q1,6220000.0,3580000.0,6220000.0,1.0,0.0,4030000.0,0.0,0.0,7610000.0,0.0,3580000.0,300000.0,6070000.0,0.0,2200000.0,0.0,0.0,2200000.0,0.0,710000.0,1480000.0,0.0,0.06942,0.06942,21320000,21320000,,
0,1996-12-31,SYBT,,,Q4,6080000.0,3510000.0,6080000.0,1.0,0.0,4190000.0,0.0,0.0,7700000.0,0.0,3510000.0,300000.00000000006,5690000.0,0.0,1880000.0,0.0,0.0,1880000.0,0.0,570000.0,1310000.0,0.0,0.06162,0.06162,21260000,21260000,,
0,1996-09-30,SYBT,1996-11-13 00:00:00,1996-11-13 00:00:00,Q3,5690000.0,3210000.0,5690000.0,1.0,0.0,3510000.0,0.0,0.0,6720000.0,0.0,3210000.0,290000.00000000006,5680000.0,0.0,2180000.0,0.0,0.0,2180000.0,0.0,720000.0,1460000.0,0.0,0.06848,0.06848,21320000,21320000,https://www.sec.gov/Archives/edgar/data/835324/000083532496000009/0000835324-96-000009-index.html,https://www.sec.gov/Archives/edgar/data/835324/0000835324-96-000009.txt
0,1996-06-30,SYBT,1996-08-12 00:00:00,1996-08-12 00:00:00,Q2,5410000.0,2990000.0,5410000.0,1.0,0.0,3430000.0,0.0,0.0,6420000.0,0.0,2990000.0,250000.0,5220000.0,0.0,1980000.0,0.0,0.0,1980000.0,0.0,640000.0,1340000.0,0.0,0.06315,0.06315,21220000,21220000,https://www.sec.gov/Archives/edgar/data/835324/000083532496000007/0000835324-96-000007-index.html,https://www.sec.gov/Archives/edgar/data/835324/0000835324-96-000007.txt
0,1996-03-31,SYBT,1996-05-14 00:00:00,1996-05-14 00:00:00,Q1,4970000.0,2890000.0,4970000.0,1.0,0.0,3380000.0,0.0,0.0,6270000.0,0.0,2890000.0,260000.0,4740000.0,0.0,1590000.0,0.0,0.0,1590000.0,0.0,520000.0,1070000.0,0.0,0.05052,0.05052,21180000,21180000,https://www.sec.gov/Archives/edgar/data/835324/000083532496000005/0000835324-96-000005-index.html,https://www.sec.gov/Archives/edgar/data/835324/0000835324-96-000005.txt
