,date,symbol,fillingDate,acceptedDate,period,revenue,costOfRevenue,grossProfit,grossProfitRatio,researchAndDevelopmentExpenses,generalAndAdministrativeExpenses,sellingAndMarketingExpenses,otherExpenses,operatingExpenses,costAndExpenses,interestExpense,depreciationAndAmortization,ebitda,ebitdaratio,operatingIncome,operatingIncomeRatio,totalOtherIncomeExpensesNet,incomeBeforeTax,incomeBeforeTaxRatio,incomeTaxExpense,netIncome,netIncomeRatio,eps,epsdiluted,weightedAverageShsOut,weightedAverageShsOutDil,link,finalLink
0,2020-09-30,CPSS,2020-11-03,2020-11-02 17:53:47,Q3,70669000,0.0,70669000,1.0,0.0,7846000.0,0.0,56934000,64780000,64780000,0.0,438000.0,6327000.0,0.0895300626866094,5889000.0,0.08333215412698637,1239000.0,5889000.0,0.08333215412698637,2121000.0,3768000.0,0.0533189941841543,0.77,0.74,22630000,23687000,https://www.sec.gov/Archives/edgar/data/889609/000168316820003640/0001683168-20-003640-index.htm,https://www.sec.gov/Archives/edgar/data/889609/000168316820003640/cps_i10q-093020.htm
0,2020-06-30,CPSS,2020-07-31,2020-07-31 15:51:45,Q2,76841000,26485000,50356000,0.6553272341588475,0.0,32577000,3078000.0,113798000,36164000,62649000,26485000,487000.00000000006,31615000,0.411434,14192000,0.184693,1288000.0,4643000.0,0.060423,1671000.0,2972000.0,0.038677,0.12547,0.12547,23687000,23687000,https://www.sec.gov/Archives/edgar/data/889609/000168316820002435/0001683168-20-002435-index.htm,https://www.sec.gov/Archives/edgar/data/889609/000168316820002435/cps_i10q-063020.htm
0,2020-03-31,CPSS,2020-05-05 00:00:00,2020-05-05 14:58:14,Q1,81117000,26991000,54126000,0.667258,0.0,36632000,4430000.0,0.0,40664000,67655000,26991000,419000.0,30522000,0.376271,13462000,0.165958,0.0,3112000.0,0.038364,-7680000.0,10792000,0.133042,0.45195,0.45195,23879000,23879000,https://www.sec.gov/Archives/edgar/data/889609/000168316820001394/0001683168-20-001394-index.html,https://www.sec.gov/Archives/edgar/data/889609/000168316820001394/cps_10q-033120.htm
0,2019-12-31,CPSS,2020-03-16 00:00:00,2020-03-16 16:06:55,Q4,85723000,27595000,58128000,0.678091,0.0,35500000,4016000.0,21454000,57241000,84836000,27595000,287000.00000000006,28769000,0.335604,887000.0,0.010347,0.0,887000.0,0.010347,858000.0,29000.0,0.000338,0.00121,0.00121,23950000,23950000,https://www.sec.gov/Archives/edgar/data/889609/000168316820000831/0001683168-20-000831-index.html,https://www.sec.gov/Archives/edgar/data/889609/000168316820000831/cps_10k-123119.htm
0,2019-09-30,CPSS,2019-11-12 00:00:00,2019-11-12 14:57:11,Q3,85522000,27940000,57582000,0.6733,0.0,34603000,4407000.0,19874000,54753000,82693000,27940000,276000.0,31045000,0.363006,2829000.0,0.033079,0.0,2829000.0,0.033079,991000.0,1838000.0,0.021492,0.07637,0.07637,24066000,24066000,https://www.sec.gov/Archives/edgar/data/889609/000168316819003534/0001683168-19-003534-index.html,https://www.sec.gov/Archives/edgar/data/889609/000168316819003534/cps_10q-20190930.htm
0,2019-06-30,CPSS,2019-08-07,2019-08-07 14:36:48,Q2,86325000,27703000,58622000,0.679085,0.0,35101000,4634000.0,20489000,55852000.00000001,83555000,27703000,262000.0,30735000,0.356038,2770000.0,0.032088,0.0,2770000.0,0.032088,970000.0,1800000.0,0.020851,0.07507,0.07507,23978000,23978000,https://www.sec.gov/Archives/edgar/data/889609/000168316819002461/cps_10q-063019.htm,https://www.sec.gov/Archives/edgar/data/889609/000168316819002461/cps_10q-063019.htm
0,2019-03-31,CPSS,2019-05-08 00:00:00,2019-05-08 17:10:23,Q1,88230000,27290000,60940000,0.690695,0.0,34057000,4836000.0,23956000,58264000,85554000,27290000,251000.0,30217000,0.34248,2676000.0,0.03033,0.0,2676000.0,0.03033,937000.0,1739000.0,0.01971,0.07168,0.07168,24259000,24259000,https://www.sec.gov/Archives/edgar/data/889609/000168316819001419/0001683168-19-001419-index.html,https://www.sec.gov/Archives/edgar/data/889609/000168316819001419/cps_10q-033119.htm
0,2018-12-31,CPSS,2019-03-13 00:00:00,2019-03-13 15:40:37,Q4,91218000,26409000,64809000,0.710485,0.0,34696000,4396000.0,25083000,60025000,86434000,26409000,246000.0,31439000,0.344658,4784000.0,0.052446,0.0,4784000.0,0.052446,-568000.0,5352000.0,0.058673,0.21918,0.21918,24418000,24418000,https://www.sec.gov/Archives/edgar/data/889609/000168316819000635/0001683168-19-000635-index.html,https://www.sec.gov/Archives/edgar/data/889609/000168316819000635/cps_10k-123118.htm
0,2018-09-30,CPSS,2018-11-06 00:00:00,2018-11-06 16:43:41,Q3,95631000,25808000,69823000,0.730129,0.0,32902000,4378000.0,31959000,65116999.99999999,90924999.99999999,25808000,246000.0,30760000,0.321653,4706000.0,0.04921,0.0,4706000.0,0.04921,1508000.0,3198000.0,0.033441,0.12929,0.12929,24735000,24735000,https://www.sec.gov/Archives/edgar/data/889609/000168316818003252/0001683168-18-003252-index.html,https://www.sec.gov/Archives/edgar/data/889609/000168316818003252/cps_10q-093018.htm
0,2018-06-30,CPSS,2018-08-08 00:00:00,2018-08-08 15:17:49,Q2,99400000,25200000,74200000,0.746479,0.0,33700000,4587000.0,35500000,69500000,94700000,25187000,300000.0,30187000,0.303692,4700000.0,0.047284,35500000,4700000.0,0.047284,1500000.0,3200000.0,0.032193,0.12749,0.12749,25100000,25100000,https://www.sec.gov/Archives/edgar/data/889609/000168316818002187/0001683168-18-002187-index.html,https://www.sec.gov/Archives/edgar/data/889609/000168316818002187/cps_10q-063018.htm
0,2018-03-31,CPSS,2018-05-08 00:00:00,2018-05-08 15:42:37,Q1,103600000,24100000,79500000,0.767375,0.0,34200000,4211000.0,40500000,74900000,99000000,24062000,200000.0,28762000,0.277625,4600000.0,0.044402,40500000,4600000.0,0.044402,1400000.0,3100000.0,0.029923,0.12062,0.12062,25700000,25700000,https://www.sec.gov/Archives/edgar/data/889609/000168316818001232/0001683168-18-001232-index.html,https://www.sec.gov/Archives/edgar/data/889609/000168316818001232/cps_10q-033118.htm
0,2017-12-31,CPSS,2018-03-07 00:00:00,2018-03-07 14:14:41,Q4,107200000,23700000,83500000,0.778918,0.0,31400000,3856000.0,43700000,75300000,99000000,23704000,200000.00000000006,17004000,0.158619,8200000.0,0.076493,43700000,8200000.0,0.076493,3100000.0,-10000000,-0.093284,-0.46083,-0.46083,21700000,21700000,https://www.sec.gov/Archives/edgar/data/889609/000168316818000610/0001683168-18-000610-index.html,https://www.sec.gov/Archives/edgar/data/889609/000168316818000610/cps_10k-123117.htm
0,2017-09-30,CPSS,2017-11-03 00:00:00,2017-11-03 17:13:44,Q3,109500000,23300000,86200000,0.787215,0.0,30500000,3807000.0,47300000,78100000.00000001,101400000.00000001,23317000,299999.99999999994,31717000,0.289653,8100000.0,0.073973,47300000,8100000.0,0.073973,3400000.0,4700000.0,0.042922,0.17537,0.17537,26800000,26800000,https://www.sec.gov/Archives/edgar/data/889609/000168316817002835/0001683168-17-002835-index.html,https://www.sec.gov/Archives/edgar/data/889609/000168316817002835/cps_10q-093017.htm
0,2017-06-30,CPSS,2017-07-31 00:00:00,2017-07-31 17:26:31,Q2,110100000,23200000,86800000,0.788374,0.0,30100000,3990000.0,48600000,78899999.99999999,102099999.99999999,23236000,200000.0,31436000,0.285522,8000000.0,0.072661,48600000,8000000.0,0.072661,3400000.0,4600000.0,0.04178,0.16667,0.16667,27600000,27600000,https://www.sec.gov/Archives/edgar/data/889609/000168316817001906/0001683168-17-001906-index.html,https://www.sec.gov/Archives/edgar/data/889609/000168316817001906/cps_10q-063017.htm
0,2017-03-31,CPSS,2017-05-03 00:00:00,2017-05-03 13:20:39,Q1,107600000,22100000,85500000,0.79461,0.0,30300000,3960000.0,47200000,77699999.99999999,99799999.99999999,22088000,200000.0,30088000,0.279628,7800000.0,0.072491,47200000,7800000.0,0.072491,3300000.0,4500000.0,0.041822,0.15957,0.15957,28200000,28200000,https://www.sec.gov/Archives/edgar/data/889609/000168316817001085/0001683168-17-001085-index.html,https://www.sec.gov/Archives/edgar/data/889609/000168316817001085/cps_10q-033117.htm
0,2016-12-31,CPSS,2017-03-07 00:00:00,2017-03-07 15:07:43,Q4,108200000,21500000,86700000,0.801294,0.0,30200000,3954000.0,43600000,74000000,95500000,21499000,200000.00000000006,34399000,0.317921,12700000,0.117375,43600000,12700000,0.117375,5200000.0,7500000.0,0.069316,0.26408,0.26408,28400000,28400000,https://www.sec.gov/Archives/edgar/data/889609/000168316817000507/0001683168-17-000507-index.html,https://www.sec.gov/Archives/edgar/data/889609/000168316817000507/cps_10k-20161231.htm
0,2016-09-30,CPSS,2016-10-31 00:00:00,2016-10-31 17:25:07,Q3,108500000,20900000,87600000,0.807373,0.0,28700000,4463000.0,46300000,75199999.99999999,96099999.99999999,20894000,199999.99999999997,33494000,0.3087,12500000,0.115207,46300000,12500000,0.115207,5100000.0,7300000.0,0.067281,0.25614,0.25614,28500000,28500000,https://www.sec.gov/Archives/edgar/data/889609/000168316816000427/0001683168-16-000427-index.html,https://www.sec.gov/Archives/edgar/data/889609/000168316816000427/cps_10q-093016.htm
0,2016-06-30,CPSS,2016-08-08,2016-08-05 19:03:00,Q2,104900000,19700000,85200000,0.812202,0.0,28300000,4731000.0,44400000,72899999.99999999,92599999.99999999,19727000,200000.0,32327000,0.30817,12300000,0.117255,44400000,12300000,0.117255,5100000.0,7300000.0,0.06959,0.25086,0.25086,29100000,29100000,https://www.sec.gov/Archives/edgar/data/889609/000101968716007101/cps_10q-063016.htm,https://www.sec.gov/Archives/edgar/data/889609/000101968716007101/cps_10q-063016.htm
0,2016-03-31,CPSS,2016-05-02 00:00:00,2016-05-02 14:35:58,Q1,100600000,17800000,82800000,0.823062,0.0,26200000,4670000.0,44200000,70600000.00000001,88400000.00000001,17821000,200000.0,30221000,0.300408,12200000,0.121272,44200000,12200000,0.121272,5000000.0,7200000.0,0.071571,0.23841,0.23841,30200000,30200000,https://www.sec.gov/Archives/edgar/data/889609/000101968716006053/0001019687-16-006053-index.html,https://www.sec.gov/Archives/edgar/data/889609/000101968716006053/cps_10q-033116.htm
0,2015-12-31,CPSS,2016-03-09 00:00:00,2016-03-09 16:56:21,Q4,95300000,16000000,79300000,0.832109,0.0,27200000,4223000.0,36100000,63500000,79500000,16036000,99999.99999999999,31936000,0.33511,15800000,0.165792,36100000,15800000,0.165792,6800000.0,9000000.0,0.094439,0.29126,0.29126,30900000,30900000,https://www.sec.gov/Archives/edgar/data/889609/000101968716005416/0001019687-16-005416-index.html,https://www.sec.gov/Archives/edgar/data/889609/000101968716005416/cps_10k-123115.htm
0,2015-09-30,CPSS,2015-10-27 00:00:00,2015-10-27 15:41:50,Q3,94000000,14800000,79100000,0.841489,0.0,25900000,4608000.0,37400000,63500000,78300000,14848000,200000.0,30648000,0.326043,15600000,0.165957,37400000,15600000,0.165957,6800000.0,8800000.0,0.093617,0.27937,0.27937,31500000,31500000,https://www.sec.gov/Archives/edgar/data/889609/000101968715003807/0001019687-15-003807-index.html,https://www.sec.gov/Archives/edgar/data/889609/000101968715003807/cps_10q-093015.htm
0,2015-06-30,CPSS,2015-07-24 00:00:00,2015-07-24 16:39:09,Q2,88400000,13700000,74700000,0.845023,0.0,23600000,4435000.0,35700000,59500000,73200000,13688000,199999.99999999997,29088000,0.32905,15200000,0.171946,35700000,15200000,0.171946,6700000.0,8500000.0,0.096154,0.26646,0.26646,31900000,31900000,https://www.sec.gov/Archives/edgar/data/889609/000101968715002854/0001019687-15-002854-index.html,https://www.sec.gov/Archives/edgar/data/889609/000101968715002854/cps_10q-063015.htm
0,2015-03-31,CPSS,2015-04-24 00:00:00,2015-04-24 14:49:29,Q1,86000000,13200000,72800000,0.846512,0.0,24500000,4204000.0,33400000,58000000,71200000,13173000,100000.0,27973000,0.325267,14700000,0.17093,33400000,14700000,0.17093,6400000.0,8300000.0,0.096512,0.25938,0.25938,32000000,32000000,https://www.sec.gov/Archives/edgar/data/889609/000101968715001597/0001019687-15-001597-index.html,https://www.sec.gov/Archives/edgar/data/889609/000101968715001597/cpss_10q-033115.htm
0,2014-12-31,CPSS,2015-02-25,2015-02-25 15:40:05,Q4,83500000,12800000,70600000,0.845509,0.0,24800000,4290000.0,31400000,56300000,69100000,12833000,100000.00000000003,27233000,0.326144,14300000,0.171257,31400000,14300000,0.171257,6300000.0,8000000.0,0.095808,0.24922,0.24922,32100000,32100000,https://www.sec.gov/Archives/edgar/data/889609/000101968715000711/cps_10k-123114.htm,https://www.sec.gov/Archives/edgar/data/889609/000101968715000711/cps_10k-123114.htm
0,2014-09-30,CPSS,2014-10-28 00:00:00,2014-10-28 14:55:22,Q3,77100000,12200000,64800000,0.840467,0.0,23600000,4168000.0,27300000,51000000,63200000,12239000,99999.99999999999,26139000,0.339027,13800000,0.178988,27300000,13800000,0.178988,6000000.0,7800000.0,0.101167,0.24375,0.24375,32000000,32000000,https://www.sec.gov/Archives/edgar/data/889609/000101968714003971/0001019687-14-003971-index.html,https://www.sec.gov/Archives/edgar/data/889609/000101968714003971/cpss_10q-093014.htm
0,2014-06-30,CPSS,2014-07-28 00:00:00,2014-07-28 16:03:50,Q2,71600000,11900000,59700000,0.833799,0.0,21600000,3812000.0,25600000,47400000,59300000,11942000,100000.0,24342000,0.339972,12300000,0.171788,25600000,12300000,0.171788,5300000.0,7000000.0,0.097765,0.21875,0.21875,32000000,32000000,https://www.sec.gov/Archives/edgar/data/889609/000101968714002830/0001019687-14-002830-index.html,https://www.sec.gov/Archives/edgar/data/889609/000101968714002830/cps_10q-063014.htm
0,2014-03-31,CPSS,2014-04-30 00:00:00,2014-04-30 15:15:25,Q1,68100000,13400000,54800000,0.804699,0.0,19000000,3846000.0,23900000,43000000,56400000,13381000,100000.0,25281000,0.371233,11800000,0.173275,23900000,11800000,0.173275,5100000.0,6700000.0,0.098385,0.20938,0.20938,32000000,32000000,https://www.sec.gov/Archives/edgar/data/889609/000101968714001584/0001019687-14-001584-index.html,https://www.sec.gov/Archives/edgar/data/889609/000101968714001584/cpss_10q-033114.htm
0,2013-12-31,CPSS,2014-03-10,2014-03-10 13:14:25,Q4,66600000,13400000,53300000,0.8003,0.0,17500000,3331000.0,24100000,41700000,55100000,13379000,100000.00000000003,24979000,0.37506,11500000,0.172673,24100000,11500000,0.172673,5000000.0,6500000.0,0.097598,0.2057,0.2057,31600000,31600000,https://www.sec.gov/Archives/edgar/data/889609/000101968714000782/cpss_10k-123113.htm,https://www.sec.gov/Archives/edgar/data/889609/000101968714000782/cpss_10k-123113.htm
0,2013-09-30,CPSS,2013-10-30 00:00:00,2013-10-30 17:09:32,Q3,64100000,13900000,50200000,0.783151,0.0,19300000,3378000.0,20200000,39600000,53500000,13853000,0.0,24453000,0.381482,10600000,0.165367,20200000,10600000,0.165367,4700000.0,5900000.0,0.092044,0.1891,0.1891,31200000,31200000,https://www.sec.gov/Archives/edgar/data/889609/000101968713004005/0001019687-13-004005-index.html,https://www.sec.gov/Archives/edgar/data/889609/000101968713004005/cpss_10q-093013.htm
0,2013-06-30,CPSS,2013-08-09 00:00:00,2013-08-09 06:04:46,Q2,70500000,14600000,55900000,0.792908,0.0,29900000,6654000.0,17400000,47300000,61900000,30947000,199999.99999999997,39647000,0.562369,8500000.0,0.120567,17400000,8500000.0,0.120567,3700000.0,4800000.0,0.068085,0.15094,0.15094,31800000,31800000,https://www.sec.gov/Archives/edgar/data/889609/000101968713002953/0001019687-13-002953-index.html,https://www.sec.gov/Archives/edgar/data/889609/000101968713002953/cps_10q-063013.htm
0,2013-03-31,CPSS,2013-04-30 00:00:00,2013-04-30 14:58:29,Q1,54600000,16300000,38200000,0.699634,0.0,16400000,3182000.0,15100000,31800000,48100000,0.0,100000.0,6600000.0,0.120879,6500000.0,0.119048,15100000,6500000.0,0.119048,2700000.0,3800000.0,0.069597,0.12025,0.12025,31600000,31600000,https://www.sec.gov/Archives/edgar/data/889609/000101968713001554/0001019687-13-001554-index.html,https://www.sec.gov/Archives/edgar/data/889609/000101968713001554/cpss_10q-033113.htm
0,2012-12-31,CPSS,2013-02-15 00:00:00,2013-02-15 17:21:27,Q4,50600000,17700000,32900000,0.650198,0.0,16700000,2579000.0,11500000,28300000,46000000,0.0,99999.99999999999,4700000.0,0.092885,4600000.0,0.090909,11500000,4600000.0,0.090909,-60200000,64800000,1.280632,2.19661,2.19661,29500000,29500000,https://www.sec.gov/Archives/edgar/data/889609/000101968713000519/0001019687-13-000519-index.html,https://www.sec.gov/Archives/edgar/data/889609/000101968713000519/cpss_10k-123112.htm
0,2012-10-29,CPSS,2012-11-06 00:00:00,2012-11-06 16:44:56,Q3,47919000,0.0,47919000,1.0,0.0,3690000.0,2906000.0,0.0,6596000.0,6596000.0,0.0,454000.0,3182000.0,0.066404,2728000.0,0.05692940169869989,2365000.0,2728000.0,0.05692940169869989,0.0,2728000.0,0.05692940169869989,0.11784,0.11784,18520000,23150000,https://www.sec.gov/Archives/edgar/data/889609/000088960912000068/0000889609-12-000068-index.html,https://www.sec.gov/Archives/edgar/data/889609/000088960912000068/cpss10q_dtd12oct29.htm
0,2012-09-30,CPSS,2012-11-06 00:00:00,2012-11-06 16:44:56,Q3,47900000,19600000,28400000,0.592902,0.0,16000000,0.0,9500000.0,25600000,45200000,0.0,100000.00000000003,2800000.0,0.058455,2700000.0,0.056367,9500000.0,2700000.0,0.056367,0.0,2700000.0,0.056367,0.10506,0.10506,25700000,25700000,https://www.sec.gov/Archives/edgar/data/889609/000088960912000068/0000889609-12-000068-index.html,https://www.sec.gov/Archives/edgar/data/889609/000088960912000068/cpss10q_dtd12oct29.htm
0,2012-06-30,CPSS,2012-07-31 00:00:00,2012-07-31 17:14:16,Q2,44200000,19800000,24300000,0.549774,0.0,15100000,2560000.0,7700000.0,22999999.999999996,42799999.99999999,0.0,99999.99999999999,1400000.0,0.031674,1300000.0,0.029412,7700000.0,1300000.0,0.029412,0.0,1300000.0,0.029412,0.05285,0.05285,24600000,24600000,https://www.sec.gov/Archives/edgar/data/889609/000088960912000062/0000889609-12-000062-index.html,https://www.sec.gov/Archives/edgar/data/889609/000088960912000062/cpss10q_dtd12june30.htm
0,2012-04-20,CPSS,2012-04-24,2012-04-24 14:00:36,Q1,44518000,0.0,44518000,1.0,0.0,4497000.0,2620000.0,0.0,7117000.0,7117000.0,0.0,592000.0,1104000.0,0.024799,512000.0,0.011500965901433128,3106000.0,512000.0,0.011500965901433128,0.0,512000.0,0.011500965901433128,0.02,0.02,17066666,25600000,https://www.sec.gov/Archives/edgar/data/889609/000088960912000008/0000889609-12-000008-index.htm,https://www.sec.gov/Archives/edgar/data/889609/000101968712000795/cps_10k-123111.htm
0,2012-03-31,CPSS,,,Q1,44500000,22300000,22200000,0.498876,0.0,16700000,0.0,4800000.0,21700000,44000000,0.0,200000.0,700000.0,0.01573,500000.0,0.011236,4800000.0,500000.0,0.011236,0.0,500000.0,0.011236,0.02212,0.02212,22600000,22600000,,
0,2011-12-31,CPSS,2012-03-06 00:00:00,2012-03-06 08:29:18,Q4,45800000,25700000,20100000,0.438865,0.0,16200000,8491000.0,3500000.0,19800000,45500000,83054000,199999.99999999997,83454000,1.82214,200000.0,0.004367,3500000.0,200000.0,0.004367,0.0,200000.0,0.004367,0.00897,0.00897,22300000,22300000,https://www.sec.gov/Archives/edgar/data/889609/000101968712000795/0001019687-12-000795-index.html,https://www.sec.gov/Archives/edgar/data/889609/000101968712000795/cps_10k-123111.htm
0,2011-11-09,CPSS,2011-11-14 00:00:00,2011-11-14 15:32:44,Q3,33814000,0.0,33814000,1.0,0.0,3286000.0,2343000.0,0.0,5629000.0,5629000.0,-38367000,-520000.0,10129000,-0.1350328266398533,10649000,-0.11965458094280476,2593000.0,10649000,-0.11965458094280476,0.0,10649000,-0.11965458094280476,0.5828,0.5828,18272000,18272000,https://www.sec.gov/Archives/edgar/data/889609/000088960911000081/0000889609-11-000081-index.html,https://www.sec.gov/Archives/edgar/data/889609/000088960911000081/cpss10q_dtd111109.htm
0,2011-09-30,CPSS,2011-11-14 00:00:00,2011-11-14 15:32:44,Q3,33800000,19000000,14800000,0.43787,0.0,14700000,0.0,4000000.0,18900000,37900000,0.0,200000.0,-3800000.0,-0.112426,-4000000.0,-0.118343,4000000.0,-4000000.0,-0.118343,0.0,-4000000.0,-0.118343,-0.20202,-0.20202,19800000,19800000,https://www.sec.gov/Archives/edgar/data/889609/000088960911000081/0000889609-11-000081-index.html,https://www.sec.gov/Archives/edgar/data/889609/000088960911000081/cpss10q_dtd111109.htm
0,2011-06-30,CPSS,2011-08-15 00:00:00,2011-08-12 17:33:40,Q2,31200000,19200000,11900000,0.38141,0.0,13800000,3434000.0,4400000.0,18400000.000000004,37600000,38367000,99999.99999999999,32067000,1.027788,-6400000.0,-0.205128,4400000.0,-6400000.0,-0.205128,0.0,-6400000.0,-0.205128,-0.34783,-0.34783,18400000,18400000,https://www.sec.gov/Archives/edgar/data/889609/000088960911000059/0000889609-11-000059-index.html,https://www.sec.gov/Archives/edgar/data/889609/000088960911000059/cpss10q_dtd110630.htm
0,2011-03-31,CPSS,2011-05-23 00:00:00,2011-05-23 17:11:17,Q1,32400000,19100000,13300000,0.410494,0.0,13600000,1596000.0,3700000.0,17500000,36600000,0.0,200000.0,-4000000.0,-0.123457,-4200000.0,-0.12963,3700000.0,-4200000.0,-0.12963,0.0,-4200000.0,-0.12963,-0.23204,-0.23204,18100000,18100000,https://www.sec.gov/Archives/edgar/data/889609/000088960911000021/0000889609-11-000021-index.html,https://www.sec.gov/Archives/edgar/data/889609/000088960911000021/cpss10q_dtd110331.htm
0,2010-12-31,CPSS,2011-03-31,2011-03-31 16:43:47,Q4,35300000,19300000,15900000,0.450425,0.0,14200000,1253000.0,4200000.0,18599999.999999996,37900000,0.0,99999.99999999999,-2500000.0,-0.070822,-2600000.0,-0.073654,4200000.0,-2600000.0,-0.073654,12400000,-15000000,-0.424929,-0.86705,-0.86705,17300000,17300000,https://www.sec.gov/Archives/edgar/data/889609/000088960911000005/cpss10k_dtd101231.htm,https://www.sec.gov/Archives/edgar/data/889609/000088960911000005/cpss10k_dtd101231.htm
0,2010-09-30,CPSS,2010-11-12 00:00:00,2010-11-12 16:31:14,Q3,36800000,19000000,17800000,0.483696,0.0,13000000,1068000.0,7000000.0,20200000.000000004,39200000,0.0,200000.0,-2200000.0,-0.059783,-2400000.0,-0.065217,7000000.0,-2400000.0,-0.065217,1000000.0,-3400000.0,-0.092391,-0.19653,-0.19653,17300000,17300000,https://www.sec.gov/Archives/edgar/data/889609/000088960910000055/0000889609-10-000055-index.html,https://www.sec.gov/Archives/edgar/data/889609/000088960910000055/cpss10qdtd100930.htm
0,2010-06-30,CPSS,2010-08-16 00:00:00,2010-08-16 16:24:31,Q2,38500000,18800000,19800000,0.514286,0.0,15800000,726000.0,7000000.0,22900000.000000004,41700000,0.0,199999.99999999997,-3000000.0,-0.077922,-3200000.0,-0.083117,7000000.0,-3200000.0,-0.083117,3600000.0,-6800000.0,-0.176623,-0.38857,-0.38857,17500000,17500000,https://www.sec.gov/Archives/edgar/data/889609/000088960910000029/0000889609-10-000029-index.html,https://www.sec.gov/Archives/edgar/data/889609/000088960910000029/cpss10q_100630.htm
0,2010-03-31,CPSS,2010-04-01 00:00:00,2010-04-01 13:23:42,Q1,44600000,24500000,20100000,0.450673,0.0,16200000,779000.0,11700000,28000000,52500000,0.0,100000.0,-7800000.0,-0.174888,-7900000.0,-0.17713,11700000,-7900000.0,-0.17713,0.0,-7900000.0,-0.17713,-0.44382,-0.44382,17800000,17800000,https://www.sec.gov/Archives/edgar/data/889609/000088960910000006/0000889609-10-000006-index.html,https://www.sec.gov/Archives/edgar/data/889609/000088960910000006/cpss10k100331.htm
0,2009-12-31,CPSS,2010-04-01 00:00:00,2010-04-01 13:23:42,Q4,46700000,24500000,22200000,0.475375,0.0,18500000,807000.0,42200000,60800000,85300000,0.0,199999.99999999997,-38400000,-0.82227,-38600000,-0.826552,42200000,-38600000,-0.826552,7800000.0,-46400000,-0.993576,-2.54945,-2.54945,18200000,18200000,https://www.sec.gov/Archives/edgar/data/889609/000088960910000006/0000889609-10-000006-index.html,https://www.sec.gov/Archives/edgar/data/889609/000088960910000006/cpss10k100331.htm
0,2009-09-30,CPSS,2009-11-16 00:00:00,2009-11-16 17:02:09,Q3,52800000,26200000,26600000,0.503788,0.0,15500000,895000.0,15300000,30900000.000000004,57100000,0.0,200000.0,-4100000.0,-0.077652,-4300000.0,-0.081439,15300000,-4300000.0,-0.081439,0.0,-4300000.0,-0.081439,-0.23118,-0.23118,18600000,18600000,https://www.sec.gov/Archives/edgar/data/889609/000088960909000055/0000889609-09-000055-index.html,https://www.sec.gov/Archives/edgar/data/889609/000088960909000055/cpss10q090930.htm
0,2009-06-30,CPSS,2009-08-14 00:00:00,2009-08-14 15:23:12,Q2,58300000,29000000,29400000,0.504288,0.0,16600000,908000.0,18500000,35300000,64300000,0.0,199999.99999999997,-5800000.0,-0.099485,-6000000.0,-0.102916,18500000,-6000000.0,-0.102916,0.0,-6000000.0,-0.102916,-0.32086,-0.32086,18700000,18700000,https://www.sec.gov/Archives/edgar/data/889609/000088960909000036/0000889609-09-000036-index.html,https://www.sec.gov/Archives/edgar/data/889609/000088960909000036/cpss10q.htm
0,2009-03-31,CPSS,2009-05-15 00:00:00,2009-05-15 16:26:50,Q1,66100000,32100000,33900000,0.512859,0.0,18200000,1172000.0,16100000,34499999.99999999,66599999.99999999,0.0,100000.0,-400000.0,-0.006051,-500000.0,-0.007564,16100000,-500000.0,-0.007564,0.0,-500000.0,-0.007564,-0.02632,-0.02632,19000000,19000000,https://www.sec.gov/Archives/edgar/data/889609/000088960909000017/0000889609-09-000017-index.html,https://www.sec.gov/Archives/edgar/data/889609/000088960909000017/cps10q033109.htm
0,2008-12-31,CPSS,2009-03-31 00:00:00,2009-03-31 16:26:24,Q4,74600000,35300000,39300000,0.52681,0.0,19800000,1563000.0,56600000,76600000.00000001,111900000.00000001,0.0,99999.99999999999,-37200000,-0.49866,-37300000,-0.5,56600000,-37300000,-0.5,-13900000,-23400000,-0.313673,-1.21875,-1.21875,19200000,19200000,https://www.sec.gov/Archives/edgar/data/889609/000088960909000010/0000889609-09-000010-index.html,https://www.sec.gov/Archives/edgar/data/889609/000088960909000010/cpss_10k.htm
0,2008-09-30,CPSS,2008-11-07 00:00:00,2008-11-07 14:04:06,Q3,91700000,41000000,50800000,0.55398,0.0,23300000,0.0,26000000,63400000.00000001,104400000,0.0,200000.0,-12400000,-0.135224,-12600000,-0.137405,26000000,-12600000,-0.137405,-6300000.0,-6300000.0,-0.068702,-0.3198,-0.3198,19700000,19700000,https://www.sec.gov/Archives/edgar/data/889609/000088960908000021/0000889609-08-000021-index.html,https://www.sec.gov/Archives/edgar/data/889609/000088960908000021/cpss_10q080930.htm
0,2008-06-30,CPSS,2008-08-11 00:00:00,2008-08-11 13:45:53,Q2,98800000,41000000,57800000,0.58502,0.0,24100000,0.0,30900000,55099999.99999999,96100000,0.0,100000.0,2800000.0,0.02834,2700000.0,0.027328,30900000,2700000.0,0.027328,1200000.0,1500000.0,0.015182,0.07732,0.07732,19400000,19400000,https://www.sec.gov/Archives/edgar/data/889609/000101968708003496/0001019687-08-003496-index.html,https://www.sec.gov/Archives/edgar/data/889609/000101968708003496/cps_10q-063008.txt
0,2008-03-31,CPSS,2008-04-25 00:00:00,2008-04-25 17:27:41,Q1,103300000,39000000,64300000,0.622459,0.0,25400000,0.0,34900000,60500000,99500000,0.0,100000.0,3900000.0,0.037754,3800000.0,0.036786,34900000,3800000.0,0.036786,1700000.0,2100000.0,0.020329,0.105,0.105,20000000,20000000,https://www.sec.gov/Archives/edgar/data/889609/000101968708001883/0001019687-08-001883-index.html,https://www.sec.gov/Archives/edgar/data/889609/000101968708001883/cps_10q-033108.txt
0,2007-12-31,CPSS,,,Q4,109500000,39600000,69900000,0.638356,0.0,25000000,0.0,38800000,63900000,103500000,0.0,99999.99999999999,6100000.0,0.055708,6000000.0,0.054795,38800000,6000000.0,0.054795,2500000.0,3500000.0,0.031963,0.16827,0.16827,20800000,20800000,,
0,2007-09-30,CPSS,2007-11-06 00:00:00,2007-11-05 19:24:17,Q3,102800000,36400000,66400000,0.645914,0.0,23600000,0.0,36300000,60000000.00000001,96400000.00000001,0.0,100000.00000000003,6500000.0,0.06323,6300000.0,0.061284,36300000,6300000.0,0.061284,2700000.0,3700000.0,0.035992,0.16518,0.16518,22400000,22400000,https://www.sec.gov/Archives/edgar/data/889609/000101968707003765/0001019687-07-003765-index.html,https://www.sec.gov/Archives/edgar/data/889609/000101968707003765/cps_10q-093007.txt
0,2007-06-30,CPSS,2007-07-23 00:00:00,2007-07-20 19:23:44,Q2,95800000,33700000,62100000,0.648225,0.0,23100000,0.0,32700000,55899999.99999999,89599999.99999999,0.0,99999.99999999999,6300000.0,0.065762,6200000.0,0.064718,32700000,6200000.0,0.064718,2700000.0,3500000.0,0.036534,0.14957,0.14957,23400000,23400000,https://www.sec.gov/Archives/edgar/data/889609/000101968707002210/0001019687-07-002210-index.html,https://www.sec.gov/Archives/edgar/data/889609/000101968707002210/cps_10q-063007.txt
0,2007-03-31,CPSS,2007-05-10 00:00:00,2007-05-10 15:14:23,Q1,86500000,29500000,57000000,0.65896,0.0,21900000,0.0,29500000,51599999.99999999,81100000,0.0,200000.0,5600000.0,0.06474,5400000.0,0.062428,29500000,5400000.0,0.062428,2200000.0,3200000.0,0.036994,0.13502,0.13502,23700000,23700000,https://www.sec.gov/Archives/edgar/data/889609/000101968707001343/0001019687-07-001343-index.html,https://www.sec.gov/Archives/edgar/data/889609/000101968707001343/cps_10q-033107.txt
0,2006-12-31,CPSS,,,Q4,79900000,27700000,52200000,0.653317,0.0,20700000,0.0,26700000,47700000,75400000,0.0,200000.00000000006,4700000.0,0.058824,4500000.0,0.05632,26700000,4500000.0,0.05632,-26400000,30900000,0.386733,1.29832,1.29832,23800000,23800000,,
0,2006-09-30,CPSS,,,Q3,73700000,25100000,48600000,0.65943,0.0,20100000,0.0,24000000,44300000.00000001,69400000,0.0,199999.99999999997,4500000.0,0.061058,4300000.0,0.058345,24000000,4300000.0,0.058345,0.0,4300000.0,0.058345,0.17992,0.17992,23900000,23900000,,
0,2006-06-30,CPSS,,,Q2,67200000,22300000,44900000,0.668155,0.0,19900000,0.0,22200000,42300000,64600000,0.0,200000.0,2800000.0,0.041667,2600000.0,0.03869,22200000,2600000.0,0.03869,0.0,2600000.0,0.03869,0.10656,0.10656,24400000,24400000,,
0,2006-03-31,CPSS,,,Q1,58000000,18000000,40000000,0.689655,0.0,18900000,0.0,19100000,38200000,56200000,0.0,200000.0,2000000.0,0.034483,1800000.0,0.031034,19100000,1800000.0,0.031034,0.0,1800000.0,0.031034,0.07438,0.07438,24200000,24200000,,
0,2005-12-31,CPSS,,,Q4,54700000,15800000,38900000,0.711152,0.0,21400000,0.0,15600000,37200000,53000000,0.0,200000.00000000006,1900000.0,0.034735,1700000.0,0.031079,15600000,1700000.0,0.031079,0.0,1700000.0,0.031079,0.07143,0.07143,23800000,23800000,,
0,2005-09-30,CPSS,,,Q3,49400000,13500000,35900000,0.726721,0.0,18500000,0.0,15800000,34500000,48000000,0.0,199999.99999999997,1600000.0,0.032389,1400000.0,0.02834,15800000,1400000.0,0.02834,0.0,1400000.0,0.02834,0.05983,0.05983,23400000,23400000,,
0,2005-06-30,CPSS,,,Q2,47800000,11900000,35800000,0.748954,0.0,19900000,0.0,15200000,35300000.00000001,47200000.00000001,0.0,200000.0,700000.0,0.014644,500000.0,0.01046,15200000,500000.0,0.01046,0.0,500000.0,0.01046,0.02137,0.02137,23400000,23400000,,
0,2005-03-31,CPSS,,,Q1,41800000,10400000,31400000,0.751196,0.0,19200000,0.0,12300000,31700000.000000004,42100000,0.0,200000.0,0.0,0.0,-200000.0,-0.004785,12300000,-200000.0,-0.004785,0.0,-200000.0,-0.004785,-0.0093,-0.0093,21500000,21500000,,
0,2004-12-31,CPSS,,,Q4,37600000,10300000,27200000,0.723404,0.0,18200000,0.0,12000000,39500000,49800000,0.0,200000.00000000006,-12000000,-0.319149,-12200000,-0.324468,12000000,-12200000,-0.324468,0.0,-12200000,-0.324468,-0.57009,-0.57009,21400000,21400000,,
0,2004-09-30,CPSS,,,Q3,34900000,8400000.0,26500000,0.759312,0.0,18200000,0.0,7600000.0,28600000,37000000,0.0,199999.99999999997,-1900000.0,-0.054441,-2100000.0,-0.060172,7600000.0,-2100000.0,-0.060172,0.0,-2100000.0,-0.060172,-0.09859,-0.09859,21300000,21300000,,
0,2004-06-30,CPSS,,,Q2,32700000,7500000.0,25200000,0.770642,0.0,18900000,0.0,6300000.0,25400000,32900000,0.0,200000.0,0.0,0.0,-200000.0,-0.006116,6300000.0,-200000.0,-0.006116,0.0,-200000.0,-0.006116,-0.00952,-0.00952,21000000,21000000,,
0,2004-03-31,CPSS,,,Q1,27500000,5900000.0,21600000,0.785455,0.0,16100000,0.0,6800000.0,23000000,28900000,0.0,200000.0,-1200000.0,-0.043636,-1400000.0,-0.050909,6800000.0,-1400000.0,-0.050909,0.0,-1400000.0,-0.050909,-0.06796,-0.06796,20600000,20600000,,
0,2003-12-31,CPSS,,,Q4,29200000,6800000.0,22400000,0.767123,0.0,20500000,0.0,7200000.0,28099999.999999996,34900000,0.0,300000.00000000006,-5400000.0,-0.184932,-5700000.0,-0.195205,7200000.0,-5700000.0,-0.195205,0.0,-5700000.0,-0.195205,-0.27941,-0.27941,20400000,20400000,,
0,2003-09-30,CPSS,,,Q3,26000000,6400000.0,19600000,0.753846,0.0,18100000,0.0,4200000.0,22500000,28900000,0.0,199999.99999999997,-2700000.0,-0.103846,-2900000.0,-0.111538,4200000.0,-2900000.0,-0.111538,0.0,-2900000.0,-0.111538,-0.14356,-0.14356,20200000,20200000,,
0,2003-06-30,CPSS,,,Q2,24300000,5100000.0,19300000,0.794239,0.0,15900000,0.0,0.0,16100000,21200000,0.0,300000.0,3400000.0,0.139918,3100000.0,0.127572,0.0,3100000.0,0.127572,500000.0,2600000.0,0.106996,0.12037,0.12037,21600000,21600000,,
0,2003-03-31,CPSS,,,Q1,22900000,5500000.0,17400000,0.759825,0.0,14800000,0.0,0.0,15100000.000000002,20600000,0.0,200000.0,2600000.0,0.113537,2400000.0,0.104803,0.0,2400000.0,0.104803,-3900000.0,6300000.0,0.275109,0.28767,0.28767,21900000,21900000,,
0,2002-12-31,CPSS,,,Q4,25600000,5900000.0,19600000,0.765625,0.0,16000000,0.0,0.0,16299999.999999996,22199999.999999996,0.0,200000.00000000006,3500000.0,0.136719,3300000.0,0.128906,0.0,3300000.0,0.128906,1400000.0,1900000.0,0.074219,0.08962,0.08962,21200000,21200000,,
0,2002-09-30,CPSS,,,Q3,26000000,6300000.0,19700000,0.757692,0.0,17200000,0.0,0.0,17500000,23800000,0.0,300000.00000000006,2500000.0,0.096154,2200000.0,0.084615,0.0,2200000.0,0.084615,900000.0,1300000.0,0.05,0.065,0.065,20000000,20000000,,
0,2002-06-30,CPSS,,,Q2,27200000,7200000.0,20000000,0.735294,0.0,18400000,0.0,0.0,18700000,25900000,0.0,300000.0,1500000.0,0.055147,1300000.0,0.047794,0.0,1300000.0,0.047794,500000.0,700000.0,0.025735,0.03318,0.03318,21100000,21100000,,
0,2002-03-31,CPSS,,,Q1,13100000,4400000.0,8700000.0,0.664122,0.0,15200000,0.0,0.0,-1900000.0000000005,2499999.9999999995,0.0,300000.0,10900000,0.832061,10600000,0.80916,0.0,10600000,0.80916,-5800000.0,16400000,1.251908,0.84974,0.84974,19300000,19300000,,
0,2001-12-31,CPSS,,,Q4,14100000,3300000.0,10800000,0.765957,0.0,11000000,0.0,0.0,11300000,14600000,0.0,300000.00000000006,-199999.99999999997,-0.014184,-500000.0,-0.035461,0.0,-500000.0,-0.035461,-100000.0,-400000.0,-0.028369,-0.02105,-0.02105,19000000,19000000,,
0,2001-09-30,CPSS,2001-11-14 00:00:00,2001-11-14 00:00:00,Q3,14300000,3300000.0,11000000,0.769231,0.0,10500000,0.0,0.0,10700000,14000000,0.0,199999.99999999997,499999.99999999994,0.034965,300000.0,0.020979,0.0,300000.0,0.020979,0.0,300000.0,0.020979,0.01422,0.01422,21100000,21100000,https://www.sec.gov/Archives/edgar/data/889609/000101968701501129/0001019687-01-501129-index.html,https://www.sec.gov/Archives/edgar/data/889609/000101968701501129/consumer_10q-093001.txt
0,2001-06-30,CPSS,2001-08-10 00:00:00,2001-08-10 00:00:00,Q2,16300000,3500000.0,12800000,0.785276,0.0,12300000,0.0,0.0,12600000.000000002,16100000.000000002,0.0,300000.0,500000.0,0.030675,200000.0,0.01227,0.0,200000.0,0.01227,0.0,200000.0,0.01227,0.00943,0.00943,21200000,21200000,https://www.sec.gov/Archives/edgar/data/889609/000101968701500586/0001019687-01-500586-index.html,https://www.sec.gov/Archives/edgar/data/889609/000101968701500586/cps_10q-063001.txt
0,2001-03-31,CPSS,,,Q1,17300000,4300000.0,13100000,0.757225,0.0,12500000,0.0,0.0,12700000,17000000,0.0,200000.0,500000.0,0.028902,300000.0,0.017341,0.0,300000.0,0.017341,100000.0,200000.0,0.011561,0.00935,0.00935,21400000,21400000,,
0,2000-12-31,CPSS,,,Q4,7800000.0,4200000.0,3500000.0,0.448718,0.0,13500000,0.0,0.0,13800000,18000000,0.0,299999.99999999994,-9900000.0,-1.269231,-10200000,-1.307692,0.0,-10200000,-1.307692,-3500000.0,-6700000.0,-0.858974,-0.335,-0.335,20000000,20000000,,
0,2000-09-30,CPSS,2000-11-14 00:00:00,2000-11-14 00:00:00,Q3,14300000,4200000.0,10000000,0.699301,0.0,11200000,0.0,0.0,11500000,15700000,0.0,300000.00000000006,-1200000.0,-0.083916,-1500000.0,-0.104895,0.0,-1500000.0,-0.104895,-300000.0,-1200000.0,-0.083916,-0.05911,-0.05911,20300000,20300000,https://www.sec.gov/Archives/edgar/data/889609/000101968700001621/0001019687-00-001621-index.html,https://www.sec.gov/Archives/edgar/data/889609/000101968700001621/0001019687-00-001621-0001.txt
0,2000-06-30,CPSS,2000-08-14 00:00:00,2000-08-14 00:00:00,Q2,13600000,4000000.0,9600000.0,0.705882,0.0,12500000,0.0,0.0,12700000,16700000,0.0,300000.0,-2900000.0,-0.213235,-3200000.0,-0.235294,0.0,-3200000.0,-0.235294,0.0,-3200000.0,-0.235294,-0.15764,-0.15764,20300000,20300000,https://www.sec.gov/Archives/edgar/data/889609/000101968700001137/0001019687-00-001137-index.html,https://www.sec.gov/Archives/edgar/data/889609/000101968700001137/0001019687-00-001137-0001.txt
0,2000-03-31,CPSS,2000-05-15 00:00:00,2000-05-15 00:00:00,Q1,400000.0,4800000.0,-4400000.0,-11.0,0.0,12800000,0.0,0.0,13099999.999999998,17899999.999999996,0.0,5600000.0,-11900000,-29.75,-17500000,-43.75,0.0,-17500000,-43.75,-6400000.0,-11100000,-27.75,-0.55224,-0.55224,20100000,20100000,https://www.sec.gov/Archives/edgar/data/889609/000101968700000654/0001019687-00-000654-index.html,https://www.sec.gov/Archives/edgar/data/889609/0001019687-00-000654.txt
0,1999-12-31,CPSS,,,Q4,-10200000,3900000.0,-14100000,1.382353,0.0,13600000,0.0,0.0,13900000,17800000,0.0,400000.0000000001,-27600000,2.705882,-28000000,2.745098,0.0,-28000000,2.745098,-9100000.0,-18900000,1.852941,-1.05,-1.05,18000000,18000000,,
0,1999-09-30,CPSS,,,Q3,-9200000.0,6000000.0,-15200000,1.652174,0.0,13000000,0.0,0.0,13399999.999999998,19400000,0.0,9700000.0,-18900000,2.054348,-28600000,3.108696,0.0,-28600000,3.108696,-12000000,-16600000,1.804348,-0.82587,-0.82587,20100000,20100000,,
0,1999-06-30,CPSS,,,Q2,13400000,10500000,2900000.0,0.216418,0.0,14500000,0.0,0.0,14800000,25300000,0.0,4900000.0,-7000000.0,-0.522388,-11900000,-0.88806,0.0,-11900000,-0.88806,-5000000.0,-6900000.0,-0.514925,-0.36702,-0.36702,18800000,18800000,,
0,1999-03-31,CPSS,,,Q1,20800000,7400000.0,13500000,0.649038,0.0,16600000,0.0,0.0,17100000,24500000,0.0,10800000,7200000.0,0.346154,-3700000.0,-0.177885,0.0,-3700000.0,-0.177885,-1500000.0,-2100000.0,-0.100962,-0.13376,-0.13376,15700000,15700000,,
0,1998-12-31,CPSS,,,Q4,37200000,7600000.0,29600000,0.795699,0.0,15600000,0.0,0.0,15900000,23500000,0.0,16500000,30100000,0.80914,13700000,0.36828,0.0,13700000,0.36828,5700000.0,7900000.0,0.212366,0.40102,0.40102,19700000,19700000,,
0,1998-09-30,CPSS,,,Q3,34600000,6000000.0,28600000,0.82659,0.0,17600000,0.0,0.0,17800000,23800000,0.0,9299999.999999998,20000000,0.578035,10700000,0.309249,0.0,10700000,0.309249,4500000.0,6200000.0,0.179191,0.36686,0.36686,16900000,16900000,,
0,1998-06-30,CPSS,,,Q2,29700000,4600000.0,25100000,0.845118,0.0,14600000,0.0,0.0,14900000,19500000,0.0,5700000.0,15900000,0.535354,10200000,0.343434,0.0,10200000,0.343434,4300000.0,5900000.0,0.198653,0.35119,0.35119,16800000,16800000,,
0,1998-03-31,CPSS,,,Q1,24800000,3900000.0,20800000,0.83871,0.0,10900000,0.0,0.0,11200000,15100000,0.0,5300000.0,15000000,0.604839,9700000.0,0.391129,0.0,9700000.0,0.391129,4100000.0,5600000.0,0.225806,0.33735,0.33735,16600000,16600000,,
0,1997-12-31,CPSS,,,Q4,23700000,2600000.0,21100000,0.890295,0.0,10500000,0.0,1400000.0,12100000,14700000,0.0,4599999.999999999,13599999.999999998,0.57384,9000000.0,0.379747,1400000.0,9000000.0,0.379747,3800000.0,5200000.0,0.219409,0.31325,0.31325,16600000,16600000,,
0,1997-09-30,CPSS,,,Q3,21300000,3000000.0,18200000,0.85446,0.0,8700000.0,0.0,1100000.0,10000000,13000000,0.0,3700000.0000000005,12000000,0.56338,8300000.0,0.389671,1100000.0,8300000.0,0.389671,3500000.0,4800000.0,0.225352,0.29091,0.29091,16500000,16500000,,
0,1997-06-30,CPSS,,,Q2,18100000,2200000.0,15900000,0.878453,0.0,7700000.0,0.0,600000.0,8399999.999999998,10599999.999999998,0.0,3100000.0,10700000,0.59116,7500000.0,0.414365,600000.0,7500000.0,0.414365,3200000.0,4400000.0,0.243094,0.27848,0.27848,15800000,15800000,,
0,1997-03-31,CPSS,,,Q1,16300000,1400000.0,14800000,0.907975,0.0,6300000.0,0.0,1000000.0,7699999.999999999,9099999.999999998,0.0,3000000.0,10100000,0.619632,7100000.0,0.435583,1000000.0,7100000.0,0.435583,3000000.0,4100000.0,0.251534,0.26623,0.26623,15400000,15400000,,
0,1996-12-31,CPSS,,,Q4,15000000,1500000.0,13500000,0.9,0.0,5800000.0,0.0,1000000.0,6900000.0,8400000.0,0.0,1900000.0,8500000.0,0.566667,6600000.0,0.44,1000000.0,6600000.0,0.44,2700000.0,3900000.0,0.26,0.24841,0.24841,15700000,15700000,,
0,1996-09-30,CPSS,,,Q3,13800000,1600000.0,12200000,0.884058,0.0,4800000.0,0.0,800000.0,5699999.999999999,7299999.999999999,0.0,1900000.0,8300000.0,0.601449,6500000.0,0.471014,800000.0,6500000.0,0.471014,2600000.0,3800000.0,0.275362,0.24516,0.24516,15500000,15500000,,
0,1996-06-30,CPSS,,,Q2,12500000,1500000.0,11000000,0.88,0.0,4700000.0,0.0,700000.0,5500000.0,7000000.0,0.0,1500000.0000000002,7000000.0,0.56,5500000.0,0.44,700000.0,5500000.0,0.44,2200000.0,3300000.0,0.264,0.21711,0.21711,15200000,15200000,,
