,date,symbol,fillingDate,acceptedDate,period,revenue,costOfRevenue,grossProfit,grossProfitRatio,researchAndDevelopmentExpenses,generalAndAdministrativeExpenses,sellingAndMarketingExpenses,otherExpenses,operatingExpenses,costAndExpenses,interestExpense,depreciationAndAmortization,ebitda,ebitdaratio,operatingIncome,operatingIncomeRatio,totalOtherIncomeExpensesNet,incomeBeforeTax,incomeBeforeTaxRatio,incomeTaxExpense,netIncome,netIncomeRatio,eps,epsdiluted,weightedAverageShsOut,weightedAverageShsOutDil,link,finalLink
0,2020-09-30,EBTC,2020-11-06,2020-11-06 14:26:45,Q3,36777000,0.0,36777000,1.0,0.0,0.0,0.0,1502000.0,1502000.0,1502000.0,-3246.0,1677000.0,15188000,0.4129755009924681,13511000,0.3673763493487778,649000.0,13511000,0.3673763493487778,3185000.0,10326000,0.28077330940533485,0.8663754696432976,0.8663754696432976,11918620,11918620,https://www.sec.gov/Archives/edgar/data/1018399/000101839920000117/0001018399-20-000117-index.htm,https://www.sec.gov/Archives/edgar/data/1018399/000101839920000117/ebtc-20200930.htm
0,2020-06-30,EBTC,2020-08-07,2020-08-07 17:50:13,Q2,36156000,0.0,36156000,1.0,0.0,27004000,0.0,1655000.0,1655000.0,1655000.0,3630.0,1660000.0,11192000,0.3095475163181768,9532000.0,0.2636353578935723,670000.0,9532000.0,0.2636353578935723,2276000.0,7256000.0,0.2006859165836929,0.608795313551401,0.608795313551401,11918620,11918620,https://www.sec.gov/Archives/edgar/data/1018399/000101839920000058/0001018399-20-000058-index.htm,https://www.sec.gov/Archives/edgar/data/1018399/000101839920000058/ebtc63020-10q.htm
0,2020-03-31,EBTC,2020-05-11,2020-05-11 13:31:07,Q1,34094000,5051000.0,29043000,0.8518507655305919,0.0,28826000,0.0,1595000.0,33877000,1595000.0,5051000.0,1609000.0,11928000,0.1967837010329928,5268000.0,0.15074255300884196,667000.0,5268000.0,0.15074255300884196,1251000.0,4017000.0,0.11494548888316594,0.33822,0.33822,11877030,11877030,https://www.sec.gov/Archives/edgar/data/1018399/000101839920000040/0001018399-20-000040-index.htm,https://www.sec.gov/Archives/edgar/data/1018399/000101839920000019/ebtc12311910k.htm
0,2019-12-31,EBTC,2020-03-10,2020-03-10 14:21:57,Q4,33868000,5088000.0,28780000,0.8497696941065312,0.0,22314000,0.0,2181000.0,27402000,21667000,5088000.0,1589000.0000000005,18231000,0.44441063096,11554000,0.390681003584,667000.0,11554000,0.390681003584,2815000.0,8739000.0,0.295496043822,0.73696,0.73696,11858110,11858110,https://www.sec.gov/Archives/edgar/data/1018399/000101839920000019/0001018399-20-000019-index.htm,https://www.sec.gov/Archives/edgar/data/1018399/000101839920000019/ebtc12311910k.htm
0,2019-09-30,EBTC,2019-11-07,2019-11-07 12:37:12,Q3,33570000,5427000.0,28143000,0.8383378016085791,0.0,22123000,0.0,1613000.0,27550000,14470000,5427000.0,1572000.0,18446000,0.442507052785,11447000,0.389075830189,655000.0,11447000,0.389075830189,2445000.0,9002000.0,0.305971924816,0.76008,0.76008,11843500,11843500,https://www.sec.gov/Archives/edgar/data/1018399/000101839919000062/0001018399-19-000062-index.htm,https://www.sec.gov/Archives/edgar/data/1018399/000101839919000062/ebtc093019-10q.htm
0,2019-06-30,EBTC,2019-08-07,2019-08-07 13:40:43,Q2,32818000,5523000.0,27295000,0.8317082089097446,0.0,22708000,0.0,1979000.0,28231000,14041000,5523000.0,1505000.0,17138000,0.403606921954,10110000,0.351310028494,604000.0,10110000,0.351310028494,2347000.0,7763000.0,0.269754673709,0.65596,0.65596,11834510,11834510,https://www.sec.gov/Archives/edgar/data/1018399/000101839919000048/0001018399-19-000048-index.htm,https://www.sec.gov/Archives/edgar/data/1018399/000101839919000048/ebtc063019-10q.htm
0,2019-03-31,EBTC,2019-05-07,2019-05-07 11:28:14,Q1,31920000,5213000.0,26707000,0.8366854636591479,0.0,20450000,0.0,1728000.0,25663000,13471000,5213000.0,1476000.0,18159000,0.460974220197,11470000,0.40841760433,776000.0,11470000,0.40841760433,2774000.0,8696000.0,0.309642501068,0.73799,0.73799,11783410,11783410,https://www.sec.gov/Archives/edgar/data/1018399/000101839919000031/0001018399-19-000031-index.htm,https://www.sec.gov/Archives/edgar/data/1018399/000101839919000012/ebtc12311810k.htm
0,2018-12-31,EBTC,2019-03-13,2019-03-13 16:44:53,Q4,28932000,4274000.0,24658000,0.8522742983547629,0.0,20248000,0.0,1891000.0,24522000,12912000,4274000.0,1676000.0000000002,14634000,0.36757715502,8684000.0,0.308052500887,375000.0,8684000.0,0.308052500887,2184000.0,6500000.0,0.230578219227,0.55253,0.55253,11764040,11764040,https://www.sec.gov/Archives/edgar/data/1018399/000101839919000012/0001018399-19-000012-index.htm,https://www.sec.gov/Archives/edgar/data/1018399/000101839919000012/ebtc12311810k.htm
0,2018-09-30,EBTC,2018-11-06,2018-11-06 14:29:23,Q3,31130000,3940000.0,27190000,0.8734339865081915,0.0,20730000,0.0,1652000.0,24670000,12970000,3940000.0,1730000.0,16080000,0.442689333139,10410000,0.379797169123,604000.0,10410000,0.379797169123,2430000.0,7980000.0,0.291186341748,0.67799,0.67799,11770000,11770000,https://www.sec.gov/Archives/edgar/data/1018399/000101839918000055/0001018399-18-000055-index.htm,https://www.sec.gov/Archives/edgar/data/1018399/000101839918000055/ebtc093018-10q.htm
0,2018-06-30,EBTC,2018-08-07,2018-08-07 12:49:00,Q2,30950000,3100000.0,27850000,0.8998384491114702,0.0,21110000,0.0,1722000.0,24210000,13267000,3100000.0,1690000.0000000002,14630000,0.423873906973,9840000.0,0.361635682269,530000.0,9840000.0,0.361635682269,2270000.0,7570000.0,0.278271731942,0.64371,0.64371,11760000,11760000,https://www.sec.gov/Archives/edgar/data/1018399/000101839918000042/0001018399-18-000042-index.htm,https://www.sec.gov/Archives/edgar/data/1018399/000101839918000042/ebtc063018-10q.htm
0,2018-03-31,EBTC,2018-05-08,2018-05-08 14:04:32,Q1,29810000,2760000.0,27050000,0.9074136195907414,0.0,21050000,0.0,1670000.0,23810000,12108000,2760000.0,1740000.0,13260000,0.403574860657,8760000.0,0.33669037094,641000.0,8760000.0,0.33669037094,1930000.0,6830000.0,0.262348645012,0.58376,0.58376,11700000,11700000,https://www.sec.gov/Archives/edgar/data/1018399/000101839918000032/0001018399-18-000032-index.htm,https://www.sec.gov/Archives/edgar/data/1018399/000101839918000016/ebtc1231201710k.htm
0,2017-12-31,EBTC,2018-03-13,2018-03-13 14:27:49,Q4,30170000,2280000.0,27890000,0.9244282399734836,0.0,18940000,0.0,1727000.0,21220000,11718000,2280000.0,1780000.0000000002,10490000,0.5,11230000,0.43163116204,683000.0,11230000,0.43163116204,3710000.0,2720000.0,0.104591248173,0.23268,0.23268,11690000,11690000,https://www.sec.gov/Archives/edgar/data/1018399/000101839918000016/0001018399-18-000016-index.htm,https://www.sec.gov/Archives/edgar/data/1018399/000101839918000016/ebtc1231201710k.htm
0,2017-09-30,EBTC,2017-11-07,2017-11-07 13:37:06,Q3,28570000,1910000.0,26660000,0.9331466573328666,0.0,20060000,0.0,4753000.0,21970000,12177000,1910000.0,1779999.9999999998,12210000,0.409883026975,8520000.0,0.338983050847,628000.0,8520000.0,0.338983050847,3010000.0,5510000.0,0.219065807273,0.47215,0.47215,11670000,11670000,https://www.sec.gov/Archives/edgar/data/1018399/000101839917000079/0001018399-17-000079-index.htm,https://www.sec.gov/Archives/edgar/data/1018399/000101839917000079/ebtc9302017-10q.htm
0,2017-06-30,EBTC,2017-08-07,2017-08-07 14:04:28,Q2,27480000,1800000.0,25680000,0.9344978165938864,0.0,19030000,0.0,1679000.0,20830000,11792000,1800000.0,1740000.0000000002,11990000,0.432462290206,8440000.0,0.358614828978,606000.0,8440000.0,0.358614828978,2850000.0,5600000.0,0.237731038878,0.48069,0.48069,11650000,11650000,https://www.sec.gov/Archives/edgar/data/1018399/000101839917000049/0001018399-17-000049-index.htm,https://www.sec.gov/Archives/edgar/data/1018399/000101839917000049/ebtc6302017-10q.htm
0,2017-03-31,EBTC,2017-05-08,2017-05-08 15:35:59,Q1,26980000,1520000.0,25460000,0.9436619718309859,0.0,19550000,0.0,1609000.0,21070000,12692000,1520000.0,1730000.0,10680000,0.401190528297,7440000.0,0.325469427058,720000.0,7440000.0,0.325469427058,1860000.0,5570000.0,0.24388322318,0.48017,0.48017,11600000,11600000,https://www.sec.gov/Archives/edgar/data/1018399/000101839917000030/0001018399-17-000030-index.htm,https://www.sec.gov/Archives/edgar/data/1018399/000101839917000012/ebtc1231201610k.htm
0,2016-12-31,EBTC,2017-03-14,2017-03-14 14:39:39,Q4,26310000,1420000.0,24890000,0.9460281261877613,0.0,18990000,0.0,2165000.0,20410000,11428000,1420000.0,1690000.0000000005,10420000,0.398575410344,7320000.0,0.323629606689,607000.0,7320000.0,0.323629606689,2360000.0,4950000.0,0.219130203955,0.42857,0.42857,11550000,11550000,https://www.sec.gov/Archives/edgar/data/1018399/000101839917000012/0001018399-17-000012-index.htm,https://www.sec.gov/Archives/edgar/data/1018399/000101839917000012/ebtc1231201610k.htm
0,2016-09-30,EBTC,2016-11-07,2016-11-07 16:07:29,Q3,25770000,1370000.0,24400000,0.946837407838572,0.0,18800000,0.0,1298000.0,20170000,10948000,1370000.0,1519999.9999999995,9850000.0,0.388641884769,6970000.0,0.319246459183,588000.0,6970000.0,0.319246459183,2250000.0,4710000.0,0.216070037127,0.40957,0.40957,11500000,11500000,https://www.sec.gov/Archives/edgar/data/1018399/000101839916000144/0001018399-16-000144-index.htm,https://www.sec.gov/Archives/edgar/data/1018399/000101839916000144/ebtc9302016-10q.htm
0,2016-06-30,EBTC,2016-08-05,2016-08-05 14:28:08,Q2,24870000,1340000.0,23530000,0.9461198230800161,0.0,17810000,0.0,1294000.0,19150000,11025000,1340000.0,1440000.0000000002,9840000.0,0.399736953356,7060000.0,0.331720606886,620000.0,7060000.0,0.331720606886,2290000.0,4770000.0,0.224106346,0.44873,0.44873,10630000,10630000,https://www.sec.gov/Archives/edgar/data/1018399/000101839916000132/0001018399-16-000132-index.htm,https://www.sec.gov/Archives/edgar/data/1018399/000101839916000132/ebtc6302016-10q.htm
0,2016-03-31,EBTC,2016-05-06,2016-05-06 14:56:52,Q1,24290000,1380000.0,22910000,0.9431864965006176,0.0,17720000,0.0,1337000.0,19100000,10485000,1380000.0,1430000.0,9380000.0,0.379215481668,6570000.0,0.311625480245,578000.0,6570000.0,0.311625480245,2260000.0,4310000.0,0.204572404307,0.41165,0.41165,10470000,10470000,https://www.sec.gov/Archives/edgar/data/1018399/000101839916000108/0001018399-16-000108-index.htm,https://www.sec.gov/Archives/edgar/data/1018399/000101839916000076/ebtc12311510k.htm
0,2015-12-31,EBTC,2016-03-15,2016-03-15 14:19:54,Q4,24780000,1280000.0,23500000,0.9483454398708636,0.0,17880000,0.0,1358000.0,19160000,10351000,1280000.0,1439999.9999999995,9620000.0,0.395047113973,6900000.0,0.326814716606,392000.0,6900000.0,0.326814716606,2180000.0,4720000.0,0.223542781382,0.45211,0.45211,10440000,10440000,https://www.sec.gov/Archives/edgar/data/1018399/000101839916000076/0001018399-16-000076-index.htm,https://www.sec.gov/Archives/edgar/data/1018399/000101839916000076/ebtc12311510k.htm
0,2015-09-30,EBTC,2015-11-06,2015-11-06 16:04:12,Q3,23140000,1260000.0,21880000,0.9455488331892826,0.0,16800000,0.0,1258000.0,18060000,10255000,1260000.0,1400000.0000000005,9000000.0,0.392175717395,6350000.0,0.321170099701,743000.0,6350000.0,0.321170099701,2050000.0,4290000.0,0.21721747052,0.4121,0.4121,10410000,10410000,https://www.sec.gov/Archives/edgar/data/1018399/000101839915000061/0001018399-15-000061-index.htm,https://www.sec.gov/Archives/edgar/data/1018399/000101839915000061/ebtc-9302015x10q.htm
0,2015-06-30,EBTC,2015-08-07,2015-08-07 10:55:35,Q2,22860000,1250000.0,21610000,0.9453193350831146,0.0,17500000,0.0,1213000.0,18750000,10098000,1250000.0,1370000.0,8000000.0,0.355297838693,5370000.0,0.283078545071,784000.0,5370000.0,0.283078545071,1860000.0,3520000.0,0.185292567211,0.33879,0.33879,10390000,10390000,https://www.sec.gov/Archives/edgar/data/1018399/000101839915000051/0001018399-15-000051-index.htm,https://www.sec.gov/Archives/edgar/data/1018399/000101839915000051/ebtc-6302015x10q.htm
0,2015-03-31,EBTC,2015-05-08,2015-05-08 13:06:05,Q1,22480000,1390000.0,21090000,0.9381672597864769,0.0,16840000,0.0,1566000.0,18230000,9581000.0,1390000.0,1390000.0,8420000.0,0.381275073187,5640000.0,0.305974194947,546000.0,5640000.0,0.305974194947,2020000.0,3620000.0,0.196248509162,0.35112,0.35112,10310000,10310000,https://www.sec.gov/Archives/edgar/data/1018399/000101839915000037/0001018399-15-000037-index.htm,https://www.sec.gov/Archives/edgar/data/1018399/000101839915000017/q4ebtc12311410k.htm
0,2014-12-31,EBTC,2015-03-13,2015-03-13 11:40:25,Q4,22920000,1300000.0,21620000,0.9432809773123909,0.0,16880000,0.0,1377000.0,18180000,10177000,1300000.0,1370000.0,8720000.0,0.394949925421,6050000.0,0.322022160665,661000.0,6050000.0,0.322022160665,2050000.0,4000000.0,0.213083315576,0.38911,0.38911,10280000,10280000,https://www.sec.gov/Archives/edgar/data/1018399/000101839915000017/0001018399-15-000017-index.htm,https://www.sec.gov/Archives/edgar/data/1018399/000101839915000017/q4ebtc12311410k.htm
0,2014-09-30,EBTC,2014-11-07,2014-11-07 13:26:22,Q3,21630000,1300000.0,20330000,0.9398982894128525,0.0,15890000,0.0,1100000.0,17190000,9454000.0,1300000.0,1330000.0,8380000.0,0.391609551183,5750000.0,0.317930577051,621000.0,5750000.0,0.317930577051,1920000.0,3830000.0,0.211751050188,0.37439,0.37439,10230000,10230000,https://www.sec.gov/Archives/edgar/data/1018399/000101839914000065/0001018399-14-000065-index.htm,https://www.sec.gov/Archives/edgar/data/1018399/000101839914000065/ebtc-9302014x10q.htm
0,2014-06-30,EBTC,2014-08-08,2014-08-08 10:56:45,Q2,20710000,1330000.0,19380000,0.9357798165137615,0.0,15650000,0.0,1255000.0,16980000,9324000.0,1330000.0,1380000.0,7780000.0,0.369184047674,5070000.0,0.290568416227,550000.0,5070000.0,0.290568416227,1760000.0,3310000.0,0.189892275957,0.32451,0.32451,10200000,10200000,https://www.sec.gov/Archives/edgar/data/1018399/000101839914000046/0001018399-14-000046-index.htm,https://www.sec.gov/Archives/edgar/data/1018399/000101839914000046/ebtc-6302014x10q.htm
0,2014-03-31,EBTC,2014-05-09,2014-05-09 09:13:29,Q1,20390000,1320000.0,19070000,0.935262383521334,0.0,15030000,0.0,1191000.0,16350000,9074000.0,1320000.0,1380000.0,8070000.0,0.399195932364,5370000.0,0.317370225848,508000.0,5370000.0,0.317370225848,1860000.0,3510000.0,0.207283906823,0.34684,0.34684,10120000,10120000,https://www.sec.gov/Archives/edgar/data/1018399/000101839914000027/0001018399-14-000027-index.htm,https://www.sec.gov/Archives/edgar/data/1018399/000101839914000012/ebtc1231201310k.htm
0,2013-12-31,EBTC,2014-03-14,2014-03-14 13:24:42,Q4,20640000,1310000.0,19330000,0.936531007751938,0.0,15510000,0.0,1260000.0,16820000,8304000.0,1310000.0,1329999.9999999995,7770000.0,0.375668138508,5140000.0,0.298454566581,655000.0,5140000.0,0.298454566581,1650000.0,3480000.0,0.202416918429,0.34524,0.34524,10080000,10080000,https://www.sec.gov/Archives/edgar/data/1018399/000101839914000012/0001018399-14-000012-index.htm,https://www.sec.gov/Archives/edgar/data/1018399/000101839914000012/ebtc1231201310k.htm
0,2013-09-30,EBTC,2013-11-08,2013-11-08 15:32:15,Q3,19800000,1310000.0,18490000,0.9338383838383838,0.0,14360000,0.0,1126000.0,15670000,8548000.0,1310000.0,1230000.0,7970000.0,0.400709433055,5440000.0,0.326880298202,472000.0,5440000.0,0.326880298202,1900000.0,3530000.0,0.212409066314,0.35194,0.35194,10030000,10030000,https://www.sec.gov/Archives/edgar/data/1018399/000101839913000057/0001018399-13-000057-index.htm,https://www.sec.gov/Archives/edgar/data/1018399/000101839913000057/ebtc-9302013x10q.htm
0,2013-06-30,EBTC,2013-08-09,2013-08-09 14:12:41,Q2,19680000,1330000.0,18350000,0.9324186991869918,0.0,14990000,0.0,1094000.0,16320000,8651000.0,1330000.0,1230000.0,7250000.0,0.366528182551,4690000.0,0.290506603832,518000.0,4690000.0,0.290506603832,1610000.0,3080000.0,0.190922056179,0.31143,0.31143,9890000.0,9890000.0,https://www.sec.gov/Archives/edgar/data/1018399/000101839913000046/0001018399-13-000046-index.htm,https://www.sec.gov/Archives/edgar/data/1018399/000101839913000046/ebtc-6302013x10q.htm
0,2013-03-31,EBTC,2013-05-10,2013-05-10 15:36:25,Q1,19460000,1370000.0,18090000,0.9295991778006166,0.0,14230000,0.0,1036000.0,15600000,8048000.0,1370000.0,1230000.0,7820000.0,0.407927176181,5220000.0,0.330046147038,584000.0,5220000.0,0.330046147038,1790000.0,3430000.0,0.217017510589,0.35036,0.35036,9790000.0,9790000.0,https://www.sec.gov/Archives/edgar/data/1018399/000101839913000031/0001018399-13-000031-index.htm,https://www.sec.gov/Archives/edgar/data/1018399/000101839913000011/ebtc1231201210k.htm
0,2012-12-31,EBTC,2013-03-15,2013-03-15 16:13:34,Q4,19180000,1440000.0,17740000,0.9249217935349322,0.0,14410000,0.0,1212000.0,15850000,8500000.0,1440000.0,1200000.0000000002,7410000.0,0.374827283005,4770000.0,0.299836703932,606000.0,4770000.0,0.299836703932,1540000.0,3230000.0,0.203115186534,0.33196,0.33196,9730000.0,9730000.0,https://www.sec.gov/Archives/edgar/data/1018399/000101839913000011/0001018399-13-000011-index.htm,https://www.sec.gov/Archives/edgar/data/1018399/000101839913000011/ebtc1231201210k.htm
0,2012-09-30,EBTC,2012-11-09,2012-11-09 16:16:18,Q3,18640000,1530000.0,17110000,0.9179184549356223,0.0,13810000,0.0,929000.0,15340000,8190000.0,1530000.0,1160000.0,7510000.0,0.382221370143,4820000.0,0.308218302658,536000.0,4820000.0,0.308218302658,1760000.0,3060000.0,0.195743865031,0.31579,0.31579,9690000.0,9690000.0,https://www.sec.gov/Archives/edgar/data/1018399/000101839912000031/0001018399-12-000031-index.htm,https://www.sec.gov/Archives/edgar/data/1018399/000101839912000031/ebtc-9302012x10q.htm
0,2012-06-30,EBTC,2012-08-09,2012-08-09 15:18:47,Q2,18360000,1680000.0,16680000,0.9084967320261438,0.0,14020000,0.0,981000.0,15700000,7841000.0,1680000.0,1090000.0,7120000.0,0.352864836805,4340000.0,0.281681915515,453000.0,4340000.0,0.281681915515,1440000.0,2910000.0,0.188501719551,0.30124,0.30124,9660000.0,9660000.0,https://www.sec.gov/Archives/edgar/data/1018399/000101839912000022/0001018399-12-000022-index.htm,https://www.sec.gov/Archives/edgar/data/1018399/000101839912000022/ebtc-6302012x10q.htm
0,2012-03-31,EBTC,2012-05-10,2012-05-10 17:02:32,Q1,17900000,1850000.0,16050000,0.8966480446927374,0.0,13120000,0.0,1093000.0,14970000,7503000.0,1850000.0,1040000.0,7670000.0,0.389912251323,4790000.0,0.320517114341,511000.0,4790000.0,0.320517114341,1610000.0,3170000.0,0.212539352937,0.33124,0.33124,9570000.0,9570000.0,https://www.sec.gov/Archives/edgar/data/1018399/000101839912000010/0001018399-12-000010-index.htm,https://www.sec.gov/Archives/edgar/data/1018399/000144530512000686/ebtc1231201110k.htm
0,2011-12-31,EBTC,2012-03-15,2012-03-15 17:01:28,Q4,18260000,2020000.0,16240000,0.8893756845564075,0.0,14110000,0.0,1254000.0,16130000,7396000.0,2020000.0,1049999.9999999998,7220000.0,0.339103736608,4150000.0,0.27090410243,478000.0,4150000.0,0.27090410243,1290000.0,2860000.0,0.186699764829,0.30169,0.30169,9480000.0,9480000.0,https://www.sec.gov/Archives/edgar/data/1018399/000144530512000686/0001445305-12-000686-index.htm,https://www.sec.gov/Archives/edgar/data/1018399/000144530512000686/ebtc1231201110k.htm
0,2011-09-30,EBTC,2011-11-09,2011-11-09 14:25:02,Q3,17950000,2170000.0,15780000,0.879108635097493,0.0,13690000,0.0,986000.0,15860000,7177000.0,2170000.0,1030000.0000000002,7460000.0,0.359183119615,4260000.0,0.28909695366,380000.0,4260000.0,0.28909695366,1320000.0,2940000.0,0.199267250153,0.31078,0.31078,9460000.0,9460000.0,https://www.sec.gov/Archives/edgar/data/1018399/000110465911062620/0001104659-11-062620-index.htm,https://www.sec.gov/Archives/edgar/data/1018399/000110465911062620/a11-25835_110q.htm
0,2011-06-30,EBTC,2011-08-09,2011-08-09 12:54:07,Q2,17290000,2220000.0,15070000,0.871602082128398,0.0,13260000,0.0,1118000.0,15480000,1118000.0,2220000.0,1029999.9999999998,7290000.0,0.202329730979,4030000.0,0.0987296341075,476000.0,4030000.0,0.0521498606782,1350000.0,2690000.0,0.0457919999703,0.28316,0.28316,9500000.0,9500000.0,https://www.sec.gov/Archives/edgar/data/1018399/000110465911045253/0001104659-11-045253-index.htm,https://www.sec.gov/Archives/edgar/data/1018399/000110465911045253/a11-14079_110q.htm
0,2011-03-31,EBTC,2011-05-10,2011-05-10 16:01:54,Q1,16770000,2230000.0,14540000,0.8670244484197973,0.0,13100000,0.0,1021000.0,15330000,1021000.0,2230000.0,1020000.0,6910000.0,0.2886083743842365,3670000.0,0.22580049261083743,419000.0,3670000.0,0.22580049261083743,1200000.0,2460000.0,0.15172413793103448,0.26282,0.26282,9360000.0,9360000.0,https://www.sec.gov/Archives/edgar/data/1018399/000110465911027805/0001104659-11-027805-index.htm,https://www.sec.gov/Archives/edgar/data/1018399/000110465911014436/a11-2098_110k.htm
0,2010-12-31,EBTC,2011-03-15,2011-03-15 17:21:38,Q4,16990000,2350000.0,14640000,0.8616833431430253,0.0,13520000,0.0,1010000.0,15870000,1010000.0,2350000.0,980000.0,6800000.0,45.43877551020408,3470000.0,35.40816326530612,453000.0,3470000.0,35.40816326530612,1050000.0,2420000.0,24.714285714285715,0.26078,0.26078,9280000.0,9280000.0,https://www.sec.gov/Archives/edgar/data/1018399/000110465911014436/0001104659-11-014436-index.htm,https://www.sec.gov/Archives/edgar/data/1018399/000110465911014436/a11-2098_110k.htm
0,2010-09-30,EBTC,2010-11-09,2010-11-09 15:57:50,Q3,16560000,2460000.0,14100000,0.8514492753623188,0.0,12490000,0.0,2631000.0,14950000,2631000.0,2460000.0,960000.0000000002,7500000.0,16.97168597168597,4070000.0,15.758043758043758,362000.0,4070000.0,15.758043758043758,1350000.0,2730000.0,10.576576576576576,0.29514,0.29514,9250000.0,9250000.0,https://www.sec.gov/Archives/edgar/data/1018399/000110465910057260/0001104659-10-057260-index.htm,https://www.sec.gov/Archives/edgar/data/1018399/000110465910057260/a10-17597_110q.htm
0,2010-06-30,EBTC,2010-08-09,2010-08-09 15:24:29,Q2,16720000,2570000.0,14150000,0.8462918660287081,0.0,12800000,0.0,911000.0,15370000,911000.0,2570000.0,999999.9999999999,7480000.0,17.659420289855074,3910000.0,14.159420289855072,406000.0,3910000.0,14.159420289855072,1310000.0,2600000.0,9.431159420289855,0.282,0.282,9220000.0,9220000.0,https://www.sec.gov/Archives/edgar/data/1018399/000110465910043137/0001104659-10-043137-index.htm,https://www.sec.gov/Archives/edgar/data/1018399/000110465910043137/a10-12959_110q.htm
0,2010-03-31,EBTC,2010-05-10,2010-05-10 16:49:55,Q1,16270000,2680000.0,13590000,0.835279655808236,0.0,12010000,0.0,883000.0,14690000,883000.0,2680000.0,950000.0000000001,7900000.0,10.337325349301397,4260000.0,8.506986027944112,528000.0,4260000.0,8.506986027944112,1380000.0,2890000.0,5.7604790419161676,0.31654,0.31654,9130000.0,9130000.0,https://www.sec.gov/Archives/edgar/data/1018399/000110465910027310/0001104659-10-027310-index.htm,https://www.sec.gov/Archives/edgar/data/1018399/000110465910013975/a09-35842_110k.htm
0,2009-12-31,EBTC,2010-03-12,2010-03-12 15:32:13,Q4,16320000,2930000.0,13390000,0.8204656862745098,0.0,12370000,0.0,457000.0,15300000,457000.0,2930000.0,900000.0000000001,7780000.0,9.339147286821705,3950000.0,7.645348837209302,579000.0,3950000.0,7.645348837209302,1160000.0,2790000.0,5.397286821705427,0.32442,0.32442,8600000.0,8600000.0,https://www.sec.gov/Archives/edgar/data/1018399/000110465910013975/0001104659-10-013975-index.htm,https://www.sec.gov/Archives/edgar/data/1018399/000110465910013975/a09-35842_110k.htm
0,2009-09-30,EBTC,2009-11-06,2009-11-06 16:05:06,Q3,14870000,3280000.0,11590000,0.7794216543375925,0.0,11660000,0.0,2934000.0,14940000,2934000.0,3280000.0,849999.9999999999,7340000.0,8.27394438722966,3200000.0,7.4346035015447995,337000.0,3200000.0,7.4346035015447995,940000.0,2270000.0,5.31513903192585,0.27549,0.27549,8240000.0,8240000.0,https://www.sec.gov/Archives/edgar/data/1018399/000110465909063349/0001104659-09-063349-index.htm,https://www.sec.gov/Archives/edgar/data/1018399/000110465909063349/a09-31280_110q.htm
0,2009-06-30,EBTC,2009-08-10,2009-08-10 12:55:37,Q2,13980000,3660000.0,10320000,0.7381974248927039,0.0,12090000,0.0,-987000.0,15750000,-987000.0,3660000.0,840000.0000000001,6370000.0,4.954685890834192,1880000.0,4.13491246138002,357000.0,1880000.0,4.13491246138002,500000.0,1370000.0,2.9783728115345007,0.16707,0.16707,8200000.0,8200000.0,https://www.sec.gov/Archives/edgar/data/1018399/000110465909048500/0001104659-09-048500-index.htm,https://www.sec.gov/Archives/edgar/data/1018399/000110465909048500/a09-18495_110q.htm
0,2009-03-31,EBTC,2009-05-11,2009-05-11 16:39:41,Q1,13560000,4030000.0,9530000.0,0.7028023598820059,0.0,11430000,0.0,987000.0,15460000,987000.0,4030000.0,790000.0,6960000.0,2.988671472708548,2140000.0,2.2018537590113287,361000.0,2140000.0,2.2018537590113287,620000.0,1520000.0,1.5633367662203914,0.18835,0.18835,8070000.0,8070000.0,https://www.sec.gov/Archives/edgar/data/1018399/000110465909031555/0001104659-09-031555-index.htm,https://www.sec.gov/Archives/edgar/data/1018399/000110465909017945/a09-1359_110k.htm
0,2008-12-31,EBTC,2009-03-16,2009-03-16 15:44:52,Q4,9890000.0,4650000.0,5240000.0,0.5298281092012134,0.0,10080000,0.0,902000.0,14730000,902000.0,4650000.0,690000.0,5160000.0,12.631578947368421,-190000.0,-4.868421052631579,435000.0,-190000.0,-4.868421052631579,-210000.0,30000.0,0.7631578947368421,0.00374,0.00374,8030000.0,8030000.0,https://www.sec.gov/Archives/edgar/data/1018399/000110465909017945/0001104659-09-017945-index.htm,https://www.sec.gov/Archives/edgar/data/1018399/000110465909017945/a09-1359_110k.htm
0,2008-09-30,EBTC,2008-11-10,2008-11-10 12:10:51,Q3,13550000,5060000.0,8490000.0,0.6265682656826568,0.0,10810000,0.0,910000.0,15870000,910000.0,5060000.0,700000.0000000002,8490000.0,15.459090909090909,2730000.0,12.4,442000.0,2730000.0,12.4,1010000.0,1720000.0,7.8136363636363635,0.21366,0.21366,8050000.0,8050000.0,https://www.sec.gov/Archives/edgar/data/1018399/000110465908069536/0001104659-08-069536-index.htm,https://www.sec.gov/Archives/edgar/data/1018399/000110465908069536/a08-25379_110q.htm
0,2008-06-30,EBTC,2008-08-11,2008-08-11 13:34:31,Q2,12550000,5460000.0,7090000.0,0.5649402390438247,0.0,10150000,0.0,1615000.0,15610000,1615000.0,5460000.0,669999.9999999999,8520000.0,127.23404255319149,2390000.0,113.91489361702128,404000.0,2390000.0,113.91489361702128,610000.0,1780000.0,80.85106382978724,0.2225,0.2225,8000000.0,8000000.0,https://www.sec.gov/Archives/edgar/data/1018399/000110465908051772/0001104659-08-051772-index.htm,https://www.sec.gov/Archives/edgar/data/1018399/000110465908051772/a08-18679_110q.htm
0,2008-03-31,EBTC,2008-05-12,2008-05-12 15:37:54,Q1,12320000,6240000.0,6080000.0,0.4935064935064935,0.0,9350000.0,0.0,937000.0,15590000,937000.0,6240000.0,570000.0000000001,9780000.0,74.57446808510639,2970000.0,63.08510638297872,468000.0,2970000.0,63.08510638297872,950000.0,2020000.0,42.91489361702128,0.25313,0.25313,7980000.0,7980000.0,https://www.sec.gov/Archives/edgar/data/1018399/000110465908032356/0001104659-08-032356-index.htm,https://www.sec.gov/Archives/edgar/data/1018399/000110465908017693/a08-2567_110k.htm
0,2007-12-31,EBTC,2008-03-14,2008-03-14 16:30:32,Q4,13280000,6440000.0,6840000.0,0.5150602409638554,0.0,9420000.0,0.0,-867000.0,15860000,-867000.0,6440000.0,640000.0000000003,10940000,9.13132911392405,3860000.0,8.644778481012658,0.0,3860000.0,8.644778481012658,1120000.0,2740000.0,5.755537974683544,0.34465,0.34465,7950000.0,7950000.0,https://www.sec.gov/Archives/edgar/data/1018399/000110465908017693/0001104659-08-017693-index.htm,https://www.sec.gov/Archives/edgar/data/1018399/000110465908017693/a08-2567_110k.htm
0,2007-09-30,EBTC,2007-11-09,2007-11-09 14:08:56,Q3,12820000,6420000.0,6400000.0,0.49921996879875197,0.0,8810000.0,0.0,867000.0,15230000,867000.0,6420000.0,569999.9999999998,11000000,11.62915601023018,4020000.0,10.271099744245523,574000.0,4020000.0,10.271099744245523,1390000.0,2620000.0,6.708439897698209,0.33081,0.33081,7920000.0,7920000.0,https://www.sec.gov/Archives/edgar/data/1018399/000104746907008863/0001047469-07-008863-index.htm,https://www.sec.gov/Archives/edgar/data/1018399/000104746907008863/a2180902z10-q.htm
0,2007-06-30,EBTC,2007-08-08,2007-08-08 11:23:23,Q2,12580000,5920000.0,6660000.0,0.5294117647058824,0.0,9010000.0,0.0,753000.0,14930000,753000.0,5920000.0,690000.0000000002,10170000,9.92,3560000.0,8.369411764705882,543000.0,3560000.0,8.369411764705882,1240000.0,2320000.0,5.4541176470588235,0.29367,0.29367,7900000.0,7900000.0,https://www.sec.gov/Archives/edgar/data/1018399/000110465907060035/0001104659-07-060035-index.htm,https://www.sec.gov/Archives/edgar/data/1018399/000110465907060035/a07-18834_110q.htm
0,2007-03-31,EBTC,2007-05-10,2007-05-10 14:02:07,Q1,12120000,5590000.0,6530000.0,0.5387788778877888,0.0,8600000.0,0.0,653000.0,14190000,653000.0,5590000.0,720000.0,9820000.0,79.16981132075472,3510000.0,66.24528301886792,555000.0,3510000.0,66.24528301886792,1290000.0,2220000.0,41.924528301886795,0.28173,0.28173,7880000.0,7880000.0,https://www.sec.gov/Archives/edgar/data/1018399/000110465907038135/0001104659-07-038135-index.htm,https://www.sec.gov/Archives/edgar/data/1018399/000110465907019677/a07-5542_110k.htm
0,2006-12-31,EBTC,2007-03-16,2007-03-15 20:17:05,Q4,12250000,5320000.0,6930000.0,0.5657142857142857,0.0,8340000.0,0.0,1178000.0,13660000,1178000.0,5320000.0,690000.0,9920000.0,0.0,3910000.0,0.0,0.0,3910000.0,0.0,1360000.0,2550000.0,0.0,0.32484,0.32484,7850000.0,7850000.0,https://www.sec.gov/Archives/edgar/data/1018399/000110465907019677/0001104659-07-019677-index.htm,https://www.sec.gov/Archives/edgar/data/1018399/000110465907019677/a07-5542_110k.htm
0,2006-09-30,EBTC,2006-11-09,2006-11-09 15:02:14,Q3,12360000,5110000.0,7250000.0,0.5865695792880259,0.0,8470000.0,0.0,609000.0,13580000,609000.0,5110000.0,669999.9999999999,9670000.0,238.52631578947367,3890000.0,204.6315789473684,605000.0,3890000.0,204.6315789473684,1440000.0,2450000.0,129.0,0.3125,0.3125,7840000.0,7840000.0,https://www.sec.gov/Archives/edgar/data/1018399/000110465906073497/0001104659-06-073497-index.htm,https://www.sec.gov/Archives/edgar/data/1018399/000110465906073497/a06-21645_110q.htm
0,2006-06-30,EBTC,2006-08-09,2006-08-09 15:27:44,Q2,12000000,4470000.0,7530000.0,0.6275,0.0,8500000.0,0.0,1306000.0,12970000,1306000.0,4470000.0,700000.0000000001,8670000.0,0.27960747412286596,3500000.0,0.2351794596047856,534000.0,3500000.0,0.2351794596047856,1320000.0,2180000.0,0.14665949724425326,0.27949,0.27949,7800000.0,7800000.0,https://www.sec.gov/Archives/edgar/data/1018399/000110465906053070/0001104659-06-053070-index.htm,https://www.sec.gov/Archives/edgar/data/1018399/000110465906053070/a06-15301_110q.htm
0,2006-03-31,EBTC,2006-05-10,2006-05-10 13:59:12,Q1,11770000,4050000.0,7720000.0,0.6559048428207307,0.0,8490000.0,0.0,647000.0,12540000,647000.0,4050000.0,640000.0,7980000.0,129.53333333333333,3280000.0,109.36666666666666,555000.0,3280000.0,109.36666666666666,1230000.0,2060000.0,68.53333333333333,0.2641,0.2641,7800000.0,7800000.0,https://www.sec.gov/Archives/edgar/data/1018399/000110465906033142/0001104659-06-033142-index.htm,https://www.sec.gov/Archives/edgar/data/1018399/000110465906016892/a06-1996_110k.htm
0,2005-12-31,EBTC,2006-03-15,2006-03-15 16:22:47,Q4,11910000,3300000.0,8610000.0,0.7229219143576826,0.0,8270000.0,0.0,1200000.0,11570000,1200000.0,3300000.0,579999.9999999998,7520000.0,0.0,3640000.0,0.0,38000.0,3640000.0,0.0,1310000.0,2330000.0,0.0,0.30142,0.30142,7730000.0,7730000.0,https://www.sec.gov/Archives/edgar/data/1018399/000110465906016892/0001104659-06-016892-index.htm,https://www.sec.gov/Archives/edgar/data/1018399/000110465906016892/a06-1996_110k.htm
0,2005-09-30,EBTC,2005-11-09,2005-11-09 15:12:58,Q3,11580000,2550000.0,9030000.0,0.7797927461139896,0.0,8050000.0,0.0,588000.0,10600000,588000.0,2550000.0,740000.0000000002,6820000.0,192.72727272727272,3540000.0,160.6818181818182,605000.0,3540000.0,160.6818181818182,1280000.0,2250000.0,102.4090909090909,0.29107,0.29107,7730000.0,7730000.0,https://www.sec.gov/Archives/edgar/data/1018399/000110465905054018/0001104659-05-054018-index.htm,https://www.sec.gov/Archives/edgar/data/1018399/000110465905054018/a05-18086_110q.htm
0,2005-06-30,EBTC,2005-08-09,2005-08-09 11:50:50,Q2,10850000,2310000.0,8540000.0,0.7870967741935484,0.0,7730000.0,0.0,589000.0,10040000,589000.0,2310000.0,740000.0,6170000.0,764.0,3120000.0,624.0,451000.0,3120000.0,624.0,1140000.0,1980000.0,396.2,0.25916,0.25916,7640000.0,7640000.0,https://www.sec.gov/Archives/edgar/data/1018399/000110465905037648/0001104659-05-037648-index.htm,https://www.sec.gov/Archives/edgar/data/1018399/000110465905037648/a05-12728_110q.htm
0,2005-03-31,EBTC,2005-05-10,2005-05-10 16:02:15,Q1,10200000,2050000.0,8150000.0,0.7990196078431373,0.0,7320000.0,0.0,568000.0,9370000.0,568000.0,2050000.0,720000.0,5650000.0,17.845,2880000.0,14.385,395000.0,2880000.0,14.385,1030000.0,1850000.0,9.255,0.24151,0.24151,7660000.0,7660000.0,https://www.sec.gov/Archives/edgar/data/1018399/000110465905022174/0001104659-05-022174-index.htm,https://www.sec.gov/Archives/edgar/data/1018399/000110465905011097/a05-1802_110k.htm
0,2004-12-31,EBTC,2005-03-15,2005-03-15 15:10:53,Q4,10360000,1990000.0,8370000.0,0.8079150579150579,0.0,7240000.0,0.0,1287000.0,9230000.0,1287000.0,1990000.0,740000.0000000003,5850000.0,0.0,3120000.0,0.0,75000.0,3120000.0,0.0,1120000.0,2000000.0,0.0,0.26076,0.26076,7670000.0,7670000.0,https://www.sec.gov/Archives/edgar/data/1018399/000110465905011097/0001104659-05-011097-index.htm,https://www.sec.gov/Archives/edgar/data/1018399/000110465905011097/a05-1802_110k.htm
0,2004-09-30,EBTC,2004-11-10,2004-11-10 13:51:13,Q3,9880000.0,2000000.0,7880000.0,0.7975708502024291,0.0,6670000.0,0.0,1468000.0,8670000.0,1468000.0,2000000.0,749999.9999999998,5950000.0,14.672413793103448,3200000.0,13.54075235109718,397000.0,3200000.0,13.54075235109718,1160000.0,2040000.0,8.62539184952978,0.26667,0.26667,7650000.0,7650000.0,https://www.sec.gov/Archives/edgar/data/1018399/000110465904034963/0001104659-04-034963-index.htm,https://www.sec.gov/Archives/edgar/data/1018399/000110465904034963/a04-12892_110q.htm
0,2004-06-30,EBTC,2004-08-10,2004-08-10 11:32:35,Q2,9200000.0,1840000.0,7360000.0,0.8,0.0,6470000.0,0.0,501000.0,8310000.0,501000.0,1840000.0,780000.0,5340000.0,386.1111111111111,2730000.0,302.8888888888889,332000.0,2730000.0,302.8888888888889,980000.0,1740000.0,193.77777777777777,0.23016,0.23016,7560000.0,7560000.0,https://www.sec.gov/Archives/edgar/data/1018399/000110465904023545/0001104659-04-023545-index.htm,https://www.sec.gov/Archives/edgar/data/1018399/000110465904023545/a04-8837_110q.htm
0,2004-03-31,EBTC,2004-05-12,2004-05-12 15:05:38,Q1,9660000.0,1820000.0,7840000.0,0.8115942028985508,0.0,6950000.0,0.0,461000.0,8770000.0,461000.0,1820000.0,830000.0000000001,5370000.0,5.646592709984152,2710000.0,4.296354992076069,399000.0,2710000.0,4.296354992076069,1000000.0,1720000.0,2.717908082408875,0.22691,0.22691,7580000.0,7580000.0,https://www.sec.gov/Archives/edgar/data/1018399/000110465904014002/0001104659-04-014002-index.htm,https://www.sec.gov/Archives/edgar/data/1018399/000110465904007598/a04-3163_110k.htm
0,2003-12-31,EBTC,2004-03-16,2004-03-16 15:18:59,Q4,9190000.0,1860000.0,7330000.0,0.7976060935799782,0.0,6270000.0,0.0,600000.0,8130000.0,600000.0,1860000.0,1140000.0000000002,5910000.0,13.626334519572953,2910000.0,10.352313167259787,427000.0,2910000.0,10.352313167259787,1030000.0,1880000.0,6.690391459074733,0.24967,0.24967,7530000.0,7530000.0,https://www.sec.gov/Archives/edgar/data/1018399/000110465904007598/0001104659-04-007598-index.htm,https://www.sec.gov/Archives/edgar/data/1018399/000110465904007598/a04-3163_110k.htm
0,2003-09-30,EBTC,2003-11-13,2003-11-13 12:02:36,Q3,8710000.0,1920000.0,6790000.0,0.7795637198622273,0.0,5870000.0,0.0,281000.0,7790000.0,281000.0,1920000.0,1329999.9999999998,6080000.0,13.152866242038217,2830000.0,9.02547770700637,338000.0,2830000.0,9.02547770700637,970000.0,1860000.0,5.93312101910828,0.24833,0.24833,7490000.0,7490000.0,https://www.sec.gov/Archives/edgar/data/1018399/000110465903026106/0001104659-03-026106-index.htm,https://www.sec.gov/Archives/edgar/data/1018399/000110465903026106/a03-5207_110q.htm
0,2003-06-30,EBTC,2003-08-14 00:00:00,2003-08-14 15:35:21,Q2,9040000.0,2040000.0,9040000.0,1.0,0.0,6080000.0,0.0,0.0,8120000.0,0.0,2040000.0,1190000.0000000002,6190000.0,0.0,2960000.0,0.0,0.0,2960000.0,0.0,260000.0,2700000.0,0.0,0.36685,0.36685,7360000.0,7360000.0,https://www.sec.gov/Archives/edgar/data/1018399/000110465903018651/0001104659-03-018651-index.html,https://www.sec.gov/Archives/edgar/data/1018399/000110465903018651/a03-2697_110q.htm
0,2003-03-31,EBTC,2003-05-14 00:00:00,2003-05-14 11:27:23,Q1,10150000,2170000.0,10150000,1.0,0.0,6180000.0,0.0,0.0,8350000.0,0.0,2170000.0,1040000.0,7170000.0,0.0,3970000.0,0.0,0.0,3970000.0,0.0,3460000.0,500000.0,0.0,0.06831,0.06831,7320000.0,7320000.0,https://www.sec.gov/Archives/edgar/data/1018399/000101052103000140/0001010521-03-000140-index.html,https://www.sec.gov/Archives/edgar/data/1018399/000101052103000140/file10q.txt
