,date,symbol,fillingDate,acceptedDate,period,revenue,costOfRevenue,grossProfit,grossProfitRatio,researchAndDevelopmentExpenses,generalAndAdministrativeExpenses,sellingAndMarketingExpenses,otherExpenses,operatingExpenses,costAndExpenses,interestExpense,depreciationAndAmortization,ebitda,ebitdaratio,operatingIncome,operatingIncomeRatio,totalOtherIncomeExpensesNet,incomeBeforeTax,incomeBeforeTaxRatio,incomeTaxExpense,netIncome,netIncomeRatio,eps,epsdiluted,weightedAverageShsOut,weightedAverageShsOutDil,link,finalLink
0,2020-06-30,AX,2020-08-26 00:00:00,2020-08-26 17:24:48,Q4,143812000,0.0,0.0,0.0,0.0,56057000,2803000.0,0.0,0.0,0.0,26871000,0.0,0.0,0.0,0.0,0.47235279392540264,0.0,67930000,0.47235279392540264,22630000,45300000,0.3149945762523294,0.76,0.75,59503947,60297333,https://www.sec.gov/Archives/edgar/data/1299709/000129970920000156/0001299709-20-000156-index.htm,https://www.sec.gov/Archives/edgar/data/1299709/000129970920000156/a10-k20200630doc.htm
0,2020-03-31,AX,2020-04-29 00:00:00,2020-04-29 16:22:03,Q3,177978000,0.0,0.0,0.0,0.0,57263000,3887000.0,0.0,0.0,0.0,36447000,0.0,0.0,0.0,0.0,0.4487520929553091,0.0,79868000,0.4487520929553091,23811000,56057000,0.3149658946611379,0.92,0.91,60967892,61523513,https://www.sec.gov/Archives/edgar/data/1299709/000129970920000080/0001299709-20-000080-index.html,https://www.sec.gov/Archives/edgar/data/1299709/000129970920000080/a10-q20200331axq3.htm
0,2019-12-31,AX,2020-01-29 00:00:00,2020-01-29 16:44:47,Q2,127767000,0.0,0.0,0.0,0.0,52831000,4043000.0,0.0,0.0,0.0,38868000,0.0,0.0,0.0,0.0,0.45521926632072446,0.0,58162000,0.45521926632072446,16867000,41295000,0.32320552255277185,0.67,0.67,61315590,61938988,https://www.sec.gov/Archives/edgar/data/1299709/000129970920000015/0001299709-20-000015-index.html,https://www.sec.gov/Archives/edgar/data/1299709/000129970920000015/a10-q20191231axq2.htm
0,2019-09-30,AX,2019-10-30 00:00:00,2019-10-29 20:28:16,Q1,122831000,0.0,0.0,0.0,0.0,53808000,3790000.0,0.0,0.0,0.0,43042000,0.0,0.0,0.0,0.0,0.46138189870635266,0.0,56672000,0.46138189870635266,15886000,40786000,0.3320497268604831,0.66,0.66,61246664,61779525,https://www.sec.gov/Archives/edgar/data/1299709/000129970919000183/0001299709-19-000183-index.html,https://www.sec.gov/Archives/edgar/data/1299709/000129970919000183/a10-q20190930axq1.htm
0,2019-06-30,AX,2019-08-28,2019-08-27 21:39:25,Q4,121934000,0.0,0.0,0.0,0.0,51758000,3445000.0,0.0,0.0,0.0,41206000,0.0,0.0,0.0,0.0,0.45372906654419604,0.0,55325000,0.45372906654419604,14691000,40634000,0.3332458543146292,0.66,0.66,61450000,61450000,https://www.sec.gov/Archives/edgar/data/1299709/000129970919000139/a10-k20190630doc.htm,https://www.sec.gov/Archives/edgar/data/1299709/000129970919000139/a10-k20190630doc.htm
0,2019-03-31,AX,2019-04-30 00:00:00,2019-04-30 16:54:06,Q3,154172000,0.0,0.0,0.0,0.0,69085000,3635000.0,0.0,0.0,0.0,40039000,0.0,0.0,0.0,0.0,0.353189943699245,0.0,54452000,0.353189943699245,15631000,38821000,0.2518031808629323,0.63,0.63,61259419,61589662,https://www.sec.gov/Archives/edgar/data/1299709/000162828019005228/0001628280-19-005228-index.html,https://www.sec.gov/Archives/edgar/data/1299709/000162828019005228/a10-q20190331axq3.htm
0,2018-12-31,AX,2019-01-29 00:00:00,2019-01-29 16:34:24,Q2,109612000,0.0,0.0,0.0,0.0,43220000,3205000.0,0.0,0.0,0.0,38519000,0.0,0.0,0.0,0.0,0.49017443345619094,0.0,53729000,0.49017443345619094,14894000,38835000,0.35429515016604024,0.62,0.62,62336779,62674876,https://www.sec.gov/Archives/edgar/data/1299709/000129970919000009/0001299709-19-000009-index.html,https://www.sec.gov/Archives/edgar/data/1299709/000129970919000009/a10-q20181231axq2.htm
0,2018-09-30,AX,2018-10-24 00:00:00,2018-10-24 16:53:45,Q1,102822000,0.0,0.0,0.0,0.0,46501000,4425000.0,0.0,0.0,0.0,36518000,0.0,0.0,0.0,0.0,0.4794693742584272,0.0,49300000,0.4794693742584272,12459000,36841000,0.3582988076481687,0.59,0.58,62795598,63357036,https://www.sec.gov/Archives/edgar/data/1299709/000129970918000129/0001299709-18-000129-index.html,https://www.sec.gov/Archives/edgar/data/1299709/000129970918000129/a10-q20180930axq1.htm
0,2018-06-30,AX,2018-08-23 00:00:00,2018-08-23 17:09:22,Q4,104025000,0.0,0.0,0.0,0.0,43581000,4408000.0,0.0,0.0,0.0,31850000,0.0,0.0,0.0,0.0,0.4849987983657775,0.0,50452000,0.4849987983657775,13335000,37117000,0.3568084595049267,0.58,0.58,63862069,63862069,https://www.sec.gov/Archives/edgar/data/1299709/000129970918000085/0001299709-18-000085-index.html,https://www.sec.gov/Archives/edgar/data/1299709/000129970918000085/a10-k20180630doc.htm
0,2018-03-31,AX,2018-04-26 00:00:00,2018-04-26 16:06:13,Q3,140208000,0.0,0.0,0.0,0.0,40535000,4315000.0,0.0,0.0,0.0,28197000,0.0,0.0,0.0,0.0,0.5554176651831565,0.0,77874000,0.5554176651831565,26621000,51253000,0.3655497546502339,0.8,0.8,64095777,64095777,https://www.sec.gov/Archives/edgar/data/1299709/000129970918000040/0001299709-18-000040-index.html,https://www.sec.gov/Archives/edgar/data/1299709/000129970918000040/a10-q20180331bofiq3.htm
0,2017-12-31,AX,2018-01-30 00:00:00,2018-01-30 16:28:52,Q2,101312000,0.0,0.0,0.0,0.0,36545000,3811000.0,0.0,0.0,0.0,23572000,0.0,0.0,0.0,0.0,0.5577128079595705,0.0,56503000,0.5577128079595705,24845000,31658000,0.31248025900189513,0.49,0.49,64984333,64984333,https://www.sec.gov/Archives/edgar/data/1299709/000129970918000010/0001299709-18-000010-index.html,https://www.sec.gov/Archives/edgar/data/1299709/000129970918000010/a10-q20171231bofiq2.htm
0,2017-09-30,AX,2017-10-25 00:00:00,2017-10-25 16:11:54,Q1,93890000,0.0,0.0,0.0,0.0,33098000,2966000.0,0.0,0.0,0.0,22961000,0.0,0.0,0.0,0.0,0.5844072851208861,0.0,54870000,0.5844072851208861,22487000,32383000,0.3449036106081585,0.5,0.5,65045075,65045075,https://www.sec.gov/Archives/edgar/data/1299709/000129970917000103/0001299709-17-000103-index.html,https://www.sec.gov/Archives/edgar/data/1299709/000129970917000103/a10-q20170930bofiq1.htm
0,2017-06-30,AX,2017-08-24 00:00:00,2017-08-23 17:34:43,Q4,92059000,0.0,0.0,0.0,0.0,31177000,2697000.0,0.0,0.0,0.0,20015000,0.0,0.0,0.0,0.0,0.6070128939049957,0.0,55881000,0.6070128939049957,23332000,32549000,0.35356673437686703,0.5,0.5,64942000,64942000,https://www.sec.gov/Archives/edgar/data/1299709/000129970917000073/0001299709-17-000073-index.html,https://www.sec.gov/Archives/edgar/data/1299709/000129970917000073/a10-k20170630doc.htm
0,2017-03-31,AX,2017-04-25 00:00:00,2017-04-25 16:16:27,Q3,111727000,0.0,0.0,0.0,0.0,31414000,2148000.0,0.0,0.0,0.0,18403000,0.0,0.0,0.0,0.0,0.6392098597474201,0.0,71417000,0.6392098597474201,30423000,40994000,0.3669122056441147,0.63,0.63,64982389,64982389,https://www.sec.gov/Archives/edgar/data/1299709/000129970917000029/0001299709-17-000029-index.html,https://www.sec.gov/Archives/edgar/data/1299709/000129970917000029/a10-q20170331bofiq3.htm
0,2016-12-31,AX,2017-01-30 00:00:00,2017-01-30 16:35:20,Q2,93061000,0.0,0.0,0.0,0.0,29092000,1981000.0,0.0,0.0,0.0,17940000,0.0,0.0,0.0,0.0,0.5981130656236232,0.0,55661000,0.5981130656236232,23361000,32300000,0.34708417059777996,0.5,0.5,64861540,64861540,https://www.sec.gov/Archives/edgar/data/1299709/000129970917000008/0001299709-17-000008-index.html,https://www.sec.gov/Archives/edgar/data/1299709/000129970917000008/a10-q20161231bofiq2.htm
0,2016-09-30,AX,2016-10-27 00:00:00,2016-10-27 16:27:40,Q1,84512000,0.0,0.0,0.0,0.0,28738000,2541000.0,0.0,0.0,0.0,17700000,0.0,0.0,0.0,0.0,0.5884844755774328,0.0,49734000,0.5884844755774328,20837000,28897000,0.3419277735706172,0.45,0.45,64589333,64589333,https://www.sec.gov/Archives/edgar/data/1299709/000129970916000315/0001299709-16-000315-index.html,https://www.sec.gov/Archives/edgar/data/1299709/000129970916000315/a10-q20160930bofiq1.htm
0,2016-06-30,AX,2016-08-25 00:00:00,2016-08-24 17:33:36,Q4,86170000,0.0,0.0,0.0,0.0,28163000,2236000.0,0.0,0.0,0.0,17106000,0.0,0.0,0.0,0.0,0.5951607287919229,0.0,51285000,0.5951607287919229,21558000,29727000,0.34498085180457233,0.46,0.46,64456522,64456522,https://www.sec.gov/Archives/edgar/data/1299709/000129970916000267/0001299709-16-000267-index.html,https://www.sec.gov/Archives/edgar/data/1299709/000129970916000267/a10-k20160630doc.htm
0,2016-03-31,AX,2016-04-28 00:00:00,2016-04-28 08:31:22,Q3,92873000,0.0,0.0,0.0,0.0,25891000,1406000.0,0.0,0.0,0.0,14725000,0.0,0.0,0.0,0.0,0.6618177511225006,0.0,61465000,0.6618177511225006,25551000,35914000,0.3867001173645731,0.56,0.56,64485865,64486816,https://www.sec.gov/Archives/edgar/data/1299709/000129970916000237/0001299709-16-000237-index.html,https://www.sec.gov/Archives/edgar/data/1299709/000129970916000237/a10-q20160331bofiq3.htm
0,2015-12-31,AX,2016-01-28 00:00:00,2016-01-28 08:57:43,Q2,79391000,0.0,0.0,0.0,0.0,24219000,1597000.0,0.0,0.0,0.0,12764000,0.0,0.0,0.0,0.0,0.6114798906677079,0.0,48546000,0.6114798906677079,20397000,28149000,0.3545616001813808,0.44,0.44,64431333,64432656,https://www.sec.gov/Archives/edgar/data/1299709/000129970916000175/0001299709-16-000175-index.html,https://www.sec.gov/Archives/edgar/data/1299709/000129970916000175/a10-q20151231bofiq2.htm
0,2015-09-30,AX,2015-10-29 00:00:00,2015-10-29 09:01:43,Q1,68917000,0.0,0.0,0.0,0.0,20708000,1628000.0,0.0,0.0,0.0,12101000,0.0,0.0,0.0,0.0,0.6326305555958617,0.0,43599000,0.6326305555958617,18098000,25501000,0.3700248124555625,0.4,0.4,63671516,63692836,https://www.sec.gov/Archives/edgar/data/1299709/000129970915000146/0001299709-15-000146-index.html,https://www.sec.gov/Archives/edgar/data/1299709/000129970915000146/a10-q20150930bofiq1.htm
0,2015-06-30,AX,2015-08-26 00:00:00,2015-08-26 17:29:23,Q4,65572000,0.0,0.0,0.0,0.0,18501000,1843000.0,0.0,0.0,0.0,12273000,0.0,0.0,0.0,0.0,0.6392972610260477,0.0,41920000,0.6392972610260477,17525000,24395000,0.37203379491246263,0.3875,0.385,62756129,63163636,https://www.sec.gov/Archives/edgar/data/1299709/000129970915000103/0001299709-15-000103-index.html,https://www.sec.gov/Archives/edgar/data/1299709/000129970915000103/a10-k20150630doc.htm
0,2015-03-31,AX,2015-04-30 00:00:00,2015-04-30 09:06:59,Q3,59031000,0.0,0.0,0.0,0.0,16971000,1462000.0,0.0,0.0,0.0,12246000,0.0,0.0,0.0,0.0,0.6062577289898528,0.0,35788000,0.6062577289898528,14714000,21074000,0.35699886500313394,0.3375,0.3375,62180216,62417760,https://www.sec.gov/Archives/edgar/data/1299709/000129970915000036/0001299709-15-000036-index.html,https://www.sec.gov/Archives/edgar/data/1299709/000129970915000036/a10-q20150331bofiq3.htm
0,2014-12-31,AX,2015-01-29,2015-01-29 09:05:42,Q2,54808000,0.0,0.0,0.0,0.0,16491000,1449000.0,0.0,0.0,0.0,10970000,0.0,0.0,0.0,0.0,0.6015727631002773,0.0,32971000,0.6015727631002773,13599000,19372000,0.3534520507955043,0.3175,0.315,60819248,61054268,https://www.sec.gov/Archives/edgar/data/1299709/000129970915000011/a10-q20141231bofiq2.htm,https://www.sec.gov/Archives/edgar/data/1299709/000129970915000011/a10-q20141231bofiq2.htm
0,2014-09-30,AX,2014-11-04 00:00:00,2014-11-04 09:03:21,Q1,50124000,0.0,0.0,0.0,0.0,15149000,1306000.0,0.0,0.0,0.0,9930000.0,0.0,0.0,0.0,0.0,0.6020668741521028,0.0,30178000,0.6020668741521028,12337000,17841000,0.3559372755566196,0.3,0.3,59147096,59382508,https://www.sec.gov/Archives/edgar/data/1299709/000129970914000152/0001299709-14-000152-index.html,https://www.sec.gov/Archives/edgar/data/1299709/000129970914000152/a10-q20140930bofiq1.htm
0,2014-06-30,AX,2014-08-28 00:00:00,2014-08-28 17:27:29,Q4,45219000,0.0,0.0,0.0,0.0,13351000,1251000.0,0.0,0.0,0.0,9646000.0,0.0,0.0,0.0,0.0,0.6015834052057764,0.0,27203000,0.6015834052057764,11193000,16010000,0.3540547115150711,0.2725,0.2725,58469725,58469725,https://www.sec.gov/Archives/edgar/data/1299709/000129970914000121/0001299709-14-000121-index.html,https://www.sec.gov/Archives/edgar/data/1299709/000129970914000121/a10-k20140630doc.htm
0,2014-03-31,AX,2014-05-06 00:00:00,2014-05-06 11:48:26,Q3,40875000,0.0,0.0,0.0,0.0,11661000,670000.0,0.0,0.0,0.0,9500000.0,0.0,0.0,0.0,0.0,0.6098593272171254,0.0,24928000,0.6098593272171254,10318000,14610000,0.35743119266055046,0.25,0.25,57948692,58250960,https://www.sec.gov/Archives/edgar/data/1299709/000129970914000035/0001299709-14-000035-index.html,https://www.sec.gov/Archives/edgar/data/1299709/000129970914000035/a10-q20140331bofiq3.htm
0,2013-12-31,AX,2014-02-05,2014-02-05 09:04:09,Q2,38370000,0.0,0.0,0.0,0.0,12953000,1214000.0,0.0,0.0,0.0,8400000.0,0.0,0.0,0.0,0.0,0.5750847015897836,0.0,22066000,0.5750847015897836,8912000.0,13154000,0.34281991138910606,0.23,0.2275,57102820,57400896,https://www.sec.gov/Archives/edgar/data/1299709/000129970914000009/a10-q20131231bofiq2.htm,https://www.sec.gov/Archives/edgar/data/1299709/000129970914000009/a10-q20131231bofiq2.htm
0,2013-09-30,AX,2013-11-05 00:00:00,2013-11-05 09:06:08,Q1,35086000,0.0,0.0,0.0,0.0,11495000,589000.0,0.0,0.0,0.0,8236000.0,0.0,0.0,0.0,0.0,0.5720800319215642,0.0,20072000,0.5720800319215642,7890000.0,12182000,0.34720401299663683,0.2125,0.2125,56727428,57045952,https://www.sec.gov/Archives/edgar/data/1299709/000129970913000157/0001299709-13-000157-index.html,https://www.sec.gov/Archives/edgar/data/1299709/000129970913000157/a10-q20130930bofiq1.htm
0,2013-06-30,AX,2013-09-04 00:00:00,2013-09-04 17:29:56,Q4,35871000,0.0,0.0,0.0,0.0,12990000,1154000.0,0.0,0.0,0.0,8458000.0,0.0,0.0,0.0,0.0,0.5301775807755569,0.0,19018000,0.5301775807755569,7886000.0,11132000,0.3103342532965348,0.1975,0.195,55974684,56692308,https://www.sec.gov/Archives/edgar/data/1299709/000129970913000135/0001299709-13-000135-index.html,https://www.sec.gov/Archives/edgar/data/1299709/000129970913000135/bofi-2013630x10k.htm
0,2013-03-31,AX,2013-05-08 00:00:00,2013-05-08 10:05:57,Q3,33036000,0.0,0.0,0.0,0.0,11785000,1020000.0,0.0,0.0,0.0,8433000.0,0.0,0.0,0.0,0.0,0.5316926988739556,0.0,17565000,0.5316926988739556,7163000.0,10402000,0.31486862816321587,0.19,0.185,53174852,55805944,https://www.sec.gov/Archives/edgar/data/1299709/000129970913000039/0001299709-13-000039-index.html,https://www.sec.gov/Archives/edgar/data/1299709/000129970913000039/bofi03312013-10q.htm
0,2012-12-31,AX,2013-02-06 00:00:00,2013-02-06 10:25:51,Q2,31185000,0.0,0.0,0.0,0.0,11114000,1116000.0,0.0,0.0,0.0,8631000.0,0.0,0.0,0.0,0.0,0.5276254609587943,0.0,16454000,0.5276254609587943,6686000.0,9768000.0,0.31322751322751324,0.1775,0.175,52898448,55297760,https://www.sec.gov/Archives/edgar/data/1299709/000129970913000005/0001299709-13-000005-index.html,https://www.sec.gov/Archives/edgar/data/1299709/000129970913000005/bofi12312012-10q.htm
0,2012-09-30,AX,2012-11-08 00:00:00,2012-11-08 10:54:33,Q1,29246000,0.0,0.0,0.0,0.0,9672000.0,794000.0,0.0,0.0,0.0,8504000.0,0.0,0.0,0.0,0.0,0.5184982561717841,0.0,15164000,0.5184982561717841,6175000.0,8989000.0,0.3073582712165766,0.1825,0.1675,48764248,53013132,https://www.sec.gov/Archives/edgar/data/1299709/000144530512003554/0001445305-12-003554-index.html,https://www.sec.gov/Archives/edgar/data/1299709/000144530512003554/bofi9302012-10q.htm
0,2012-06-30,AX,2012-09-12 00:00:00,2012-09-12 09:10:14,Q4,26828000,0.0,0.0,0.0,0.0,8346000.0,851000.0,280000.0,0.0,0.0,8414000.0,0.0,0.0,0.0,0.0,0.5380945281049649,0.0,14436000,0.5380945281049649,5871000.0,8565000.0,0.31925600119278363,0.0,0.0,0.0,0.0,https://www.sec.gov/Archives/edgar/data/1299709/000129970912000126/0001299709-12-000126-index.html,https://www.sec.gov/Archives/edgar/data/1299709/000129970912000126/bofi-2012630x10k.htm
0,2012-03-31,AX,2012-05-03,2012-05-03 14:24:07,Q3,25402000,0.0,0.0,0.0,0.0,8202000.0,788000.0,1211000.0,0.0,0.0,9013000.0,0.0,0.0,0.0,0.0,0.51181009369341,0.0,13001000,0.51181009369341,5283000.0,7718000.0,0.30383434375246043,0.155,0.145,47296774,50558621,https://www.sec.gov/Archives/edgar/data/1299709/000129970912000030/bofi3312012-10q.htm,https://www.sec.gov/Archives/edgar/data/1299709/000129970912000030/bofi3312012-10q.htm
0,2011-12-31,AX,2012-02-02 00:00:00,2012-02-02 10:38:43,Q2,22787000,0.0,0.0,0.0,0.0,7731000.0,606000.0,715000.0,0.0,0.0,9530000.0,0.0,0.0,0.0,0.0,0.49449247377890904,0.0,11268000,0.49449247377890904,4608000.0,6660000.0,0.2922719094220389,0.14,0.135,44699788,49218512,https://www.sec.gov/Archives/edgar/data/1299709/000129970912000007/0001299709-12-000007-index.html,https://www.sec.gov/Archives/edgar/data/1299709/000129970912000007/bofi12312011-10q.htm
0,2011-09-30,AX,2011-11-08 00:00:00,2011-11-08 14:35:50,Q1,23344000,0.0,0.0,0.0,0.0,6635000.0,458000.0,597000.0,0.0,0.0,9588000.0,0.0,0.0,0.0,0.0,0.46401644962302946,0.0,10832000,0.46401644962302946,4299000.0,6533000.0,0.279857779300891,0.1475,0.145,43694804,44720280,https://www.sec.gov/Archives/edgar/data/1299709/000129970911000007/0001299709-11-000007-index.html,https://www.sec.gov/Archives/edgar/data/1299709/000129970911000007/bofi9302011-10q.htm
0,2011-06-30,AX,2011-09-13 00:00:00,2011-09-13 17:24:35,Q4,18919000,0.0,0.0,0.0,0.0,6314000.0,433000.0,486000.0,0.0,0.0,8919000.0,0.0,0.0,0.0,0.0,0.49246788942333103,0.0,9317000.0,0.49246788942333103,3774000.0,5543000.0,0.29298588720334057,0.0,0.0,0.0,0.0,https://www.sec.gov/Archives/edgar/data/1299709/000119312511247052/0001193125-11-247052-index.html,https://www.sec.gov/Archives/edgar/data/1299709/000119312511247052/d226842d10k.htm
0,2011-03-31,AX,2011-05-05 00:00:00,2011-05-05 14:31:28,Q3,17400000,0.0,0.0,0.0,0.0,5670000.0,261000.0,173000.0,0.0,0.0,8625000.0,0.0,0.0,0.0,0.0,0.49701149425287355,0.0,8648000.0,0.49701149425287355,3373000.0,5275000.0,0.3031609195402299,0.12,0.12,43267644,43695420,https://www.sec.gov/Archives/edgar/data/1299709/000119312511128193/0001193125-11-128193-index.html,https://www.sec.gov/Archives/edgar/data/1299709/000119312511128193/d10q.htm
0,2010-12-31,AX,2011-02-03,2011-02-03 16:00:18,Q2,16502000,0.0,0.0,0.0,0.0,5124000.0,174000.0,452000.0,0.0,0.0,8461000.0,0.0,0.0,0.0,0.0,0.4975154526724033,0.0,8210000.0,0.4975154526724033,3283000.0,4927000.0,0.29856987031874926,0.1125,0.1125,43069788,43474332,https://www.sec.gov/Archives/edgar/data/1299709/000119312511023153/d10q.htm,https://www.sec.gov/Archives/edgar/data/1299709/000119312511023153/d10q.htm
0,2010-09-30,AX,2010-11-12 00:00:00,2010-11-12 16:56:00,Q1,15224000,0.0,0.0,0.0,0.0,4312000.0,157000.0,430000.0,0.0,0.0,8417000.0,0.0,0.0,0.0,0.0,0.5251576458223857,0.0,7995000.0,0.5251576458223857,3163000.0,4832000.0,0.3173935890698896,0.1125,0.1125,42254208,42643060,https://www.sec.gov/Archives/edgar/data/1299709/000119312510259000/0001193125-10-259000-index.html,https://www.sec.gov/Archives/edgar/data/1299709/000119312510259000/d10q.htm
0,2010-06-30,AX,2010-09-21 00:00:00,2010-09-21 16:04:12,Q4,19406000,0.0,0.0,0.0,0.0,3680000.0,150000.0,0.0,0.0,0.0,8253000.0,0.0,0.0,0.0,0.0,0.3933834896423786,0.0,7634000.0,0.3933834896423786,2937000.0,4697000.0,0.24203854477996495,0.0,0.0,0.0,0.0,https://www.sec.gov/Archives/edgar/data/1299709/000119312510213854/0001193125-10-213854-index.html,https://www.sec.gov/Archives/edgar/data/1299709/000119312510213854/d10k.htm
0,2010-03-31,AX,2010-04-29 00:00:00,2010-04-29 14:27:37,Q3,18284000,0.0,0.0,0.0,0.0,3236000.0,118000.0,0.0,0.0,0.0,8598000.0,0.0,0.0,0.0,0.0,0.6743054036315904,0.0,12329000,0.6743054036315904,5154000.0,7175000.0,0.39241960183767227,0.205,0.1925,34092844,36743976,https://www.sec.gov/Archives/edgar/data/1299709/000119312510098987/0001193125-10-098987-index.html,https://www.sec.gov/Archives/edgar/data/1299709/000119312510098987/d10q.htm
0,2009-12-31,AX,2010-02-04 00:00:00,2010-02-04 17:11:32,Q2,19796000,0.0,0.0,0.0,0.0,3000000.0,92000.0,4069000.0,0.0,0.0,8890000.0,0.0,0.0,0.0,0.0,0.4867144877753081,0.0,9635000.0,0.4867144877753081,4087000.0,5548000.0,0.2802586381087088,0.16,0.1525,33690752,36142744,https://www.sec.gov/Archives/edgar/data/1299709/000119312510022264/0001193125-10-022264-index.html,https://www.sec.gov/Archives/edgar/data/1299709/000119312510022264/d10q.htm
0,2009-09-30,AX,2009-11-04 00:00:00,2009-11-04 16:28:58,Q1,12925000,0.0,0.0,0.0,0.0,2835000.0,84000.0,1369000.0,0.0,0.0,9212000.0,0.0,0.0,0.0,0.0,0.4858027079303675,0.0,6279000.0,0.4858027079303675,2571000.0,3708000.0,0.2868858800773694,0.1075,0.1025,33049884,35492764,https://www.sec.gov/Archives/edgar/data/1299709/000119312509223813/0001193125-09-223813-index.html,https://www.sec.gov/Archives/edgar/data/1299709/000119312509223813/d10q.htm
0,2009-06-30,AX,2009-09-25 00:00:00,2009-09-25 17:22:56,Q4,13680000,0.0,0.0,0.0,0.0,3617000.0,106000.0,0.0,0.0,0.0,9250000.0,0.0,0.0,0.0,0.0,0.44641812865497077,0.0,6107000.0,0.44641812865497077,2503000.0,3604000.0,0.2634502923976608,0.0,0.0,0.0,0.0,https://www.sec.gov/Archives/edgar/data/1299709/000119312509198317/0001193125-09-198317-index.html,https://www.sec.gov/Archives/edgar/data/1299709/000119312509198317/d10k.htm
0,2009-03-31,AX,2009-05-06 00:00:00,2009-05-06 13:41:39,Q3,8775000.0,0.0,0.0,0.0,0.0,2758000.0,202000.0,0.0,0.0,0.0,10066000,0.0,0.0,0.0,0.0,0.4997150997150997,0.0,4385000.0,0.4997150997150997,1791000.0,2594000.0,0.2956125356125356,0.075,0.075,32115140,32252428,https://www.sec.gov/Archives/edgar/data/1299709/000119312509101262/0001193125-09-101262-index.html,https://www.sec.gov/Archives/edgar/data/1299709/000119312509101262/d10q.htm
0,2008-12-31,AX,2009-02-04 00:00:00,2009-02-04 12:55:43,Q2,8783000.0,0.0,0.0,0.0,0.0,1470000.0,159000.0,0.0,0.0,0.0,10738000,0.0,0.0,0.0,0.0,0.5294318569964704,0.0,4650000.0,0.5294318569964704,1889000.0,2761000.0,0.3143572811112376,0.08,0.08,32734276,32824336,https://www.sec.gov/Archives/edgar/data/1299709/000119312509018538/0001193125-09-018538-index.html,https://www.sec.gov/Archives/edgar/data/1299709/000119312509018538/d10q.htm
0,2008-09-30,AX,2008-11-06 00:00:00,2008-11-06 16:48:28,Q1,-112000.0,0.0,0.0,0.0,0.0,1356000.0,93000.0,0.0,0.0,0.0,11365000,0.0,0.0,0.0,0.0,27.625,0.0,-3094000.0,27.625,-1277000.0,-1817000.0,16.223214285714285,-0.06,-0.06,30283333,30283333,https://www.sec.gov/Archives/edgar/data/1299709/000119312508228049/0001193125-08-228049-index.html,https://www.sec.gov/Archives/edgar/data/1299709/000119312508228049/d10q.htm
0,2008-06-30,AX,2008-09-23 00:00:00,2008-09-23 17:31:08,Q4,6542000.0,0.0,0.0,0.0,0.0,1433000.0,45000.0,0.0,0.0,0.0,11567000,0.0,0.0,0.0,0.0,0.4518495872821767,0.0,2956000.0,0.4518495872821767,1176000.0,1780000.0,0.2720880464689697,0.0,0.0,0.0,0.0,https://www.sec.gov/Archives/edgar/data/1299709/000119312508200013/0001193125-08-200013-index.html,https://www.sec.gov/Archives/edgar/data/1299709/000119312508200013/d10k.htm
0,2008-03-31,AX,2008-05-06 00:00:00,2008-05-06 11:38:17,Q3,5684000.0,0.0,0.0,0.0,0.0,1889000.0,230000.0,0.0,0.0,0.0,11513000,0.0,0.0,0.0,0.0,0.3010204081632653,0.0,1711000.0,0.3010204081632653,693000.0,1018000.0,0.17909922589725547,0.0275,0.0275,37018182,37018182,https://www.sec.gov/Archives/edgar/data/1299709/000119312508103597/0001193125-08-103597-index.html,https://www.sec.gov/Archives/edgar/data/1299709/000119312508103597/d10q.htm
0,2007-12-31,AX,2008-02-12,2008-02-12 14:32:05,Q2,3763000.0,0.0,0.0,0.0,0.0,1532000.0,174000.0,0.0,0.0,0.0,11541000,0.0,0.0,0.0,0.0,0.2893967579059261,0.0,1089000.0,0.2893967579059261,438000.0,651000.0,0.17300026574541588,0.0175,0.0175,37200000,37200000,https://www.sec.gov/Archives/edgar/data/1299709/000119312508027220/d10q.htm,https://www.sec.gov/Archives/edgar/data/1299709/000119312508027220/d10q.htm
0,2007-09-30,AX,2007-11-07 00:00:00,2007-11-07 11:25:49,Q1,3410000.0,0.0,0.0,0.0,0.0,1322000.0,301000.0,0.0,0.0,0.0,10660000,0.0,0.0,0.0,0.0,0.3680351906158358,0.0,1255000.0,0.3680351906158358,508000.0,747000.0,0.2190615835777126,0.02,0.02,37350000,37350000,https://www.sec.gov/Archives/edgar/data/1299709/000119312507237970/0001193125-07-237970-index.html,https://www.sec.gov/Archives/edgar/data/1299709/000119312507237970/d10q.htm
0,2007-06-30,AX,2007-09-27 00:00:00,2007-09-27 17:27:43,Q4,3248000.0,0.0,0.0,0.0,0.0,1323000.0,202000.0,0.0,0.0,0.0,9511000.0,0.0,0.0,0.0,0.0,0.46551724137931033,0.0,1512000.0,0.46551724137931033,608000.0,904000.0,0.27832512315270935,0.0,0.0,0.0,0.0,https://www.sec.gov/Archives/edgar/data/1299709/000119312507209046/0001193125-07-209046-index.html,https://www.sec.gov/Archives/edgar/data/1299709/000119312507209046/d10k.htm
0,2007-03-31,AX,2007-05-02 00:00:00,2007-05-02 09:32:42,Q3,3096000.0,0.0,0.0,0.0,0.0,791000.0,122000.0,0.0,0.0,0.0,8463000.0,0.0,0.0,0.0,0.0,0.48223514211886304,0.0,1493000.0,0.48223514211886304,631000.0,862000.0,0.2784237726098191,0.0225,0.0225,34844444,34844444,https://www.sec.gov/Archives/edgar/data/1299709/000119312507098823/0001193125-07-098823-index.html,https://www.sec.gov/Archives/edgar/data/1299709/000119312507098823/d10q.htm
0,2006-12-31,AX,2007-01-30,2007-01-30 09:02:25,Q2,2881000.0,0.0,0.0,0.0,0.0,750000.0,0.0,0.0,0.0,0.0,8228000.0,0.0,0.0,0.0,0.0,0.4678930926761541,0.0,1348000.0,0.4678930926761541,541000.0,807000.0,0.2801110725442555,0.0225,0.0225,32355556,32355556,https://www.sec.gov/Archives/edgar/data/1299709/000119312507015894/d10q.htm,https://www.sec.gov/Archives/edgar/data/1299709/000119312507015894/d10q.htm
0,2006-09-30,AX,2006-11-06,2006-11-06 12:56:26,Q1,2803000.0,0.0,0.0,0.0,0.0,719000.0,0.0,0.0,0.0,0.0,7536000.0,0.0,0.0,0.0,0.0,0.4459507670353193,0.0,1250000.0,0.4459507670353193,504000.0,746000.0,0.26614341776667855,0.02,0.02,37300000,37300000,https://www.sec.gov/Archives/edgar/data/1299709/000119312506224793/d10q.htm,https://www.sec.gov/Archives/edgar/data/1299709/000119312506224793/d10q.htm
0,2006-06-30,AX,2006-09-25,2006-09-25 17:18:03,Q4,2715000.0,0.0,0.0,0.0,0.0,887000.0,0.0,0.0,0.0,0.0,6634000.0,0.0,0.0,0.0,0.0,0.5138121546961326,0.0,1395000.0,0.5138121546961326,553000.0,842000.0,0.3101289134438306,0.0,0.0,0.0,0.0,https://www.sec.gov/Archives/edgar/data/1299709/000119312506196574/d10k.htm,https://www.sec.gov/Archives/edgar/data/1299709/000119312506196574/d10k.htm
0,2006-03-31,AX,2006-05-10,2006-05-10 09:05:31,Q3,2892000.0,0.0,0.0,0.0,0.0,646000.0,0.0,0.0,0.0,0.0,5830000.0,0.0,0.0,0.0,0.0,0.48167358229598894,0.0,1393000.0,0.48167358229598894,565000.0,828000.0,0.2863070539419087,0.0225,0.0225,33333333,33333333,https://www.sec.gov/Archives/edgar/data/1299709/000119312506106680/d10q.htm,https://www.sec.gov/Archives/edgar/data/1299709/000119312506106680/d10q.htm
0,2005-12-31,AX,2006-02-09,2006-02-09 10:24:37,Q2,2813000.0,0.0,0.0,0.0,0.0,648000.0,0.0,0.0,0.0,0.0,5570000.0,0.0,0.0,0.0,0.0,0.4468538926413082,0.0,1257000.0,0.4468538926413082,507000.0,750000.0,0.26661926768574473,0.02,0.02,36500000,36500000,https://www.sec.gov/Archives/edgar/data/1299709/000114420406004754/v034970_10q.htm,https://www.sec.gov/Archives/edgar/data/1299709/000114420406004754/v034970_10q.htm
0,2005-09-30,AX,2005-11-10,2005-11-10 07:57:23,Q1,2877000.0,0.0,0.0,0.0,0.0,738000.0,0.0,0.0,0.0,0.0,4724000.0,0.0,0.0,0.0,0.0,0.48766075773375045,0.0,1403000.0,0.48766075773375045,557000.0,846000.0,0.2940563086548488,0.0225,0.0225,29466667,29466667,https://www.sec.gov/Archives/edgar/data/1299709/000114036105009332/body.htm,https://www.sec.gov/Archives/edgar/data/1299709/000114036105009332/body.htm
0,2005-06-30,AX,2005-09-16,2005-09-16 17:25:24,Q4,2677000.0,0.0,0.0,0.0,0.0,585000.0,49000.0,0.0,0.0,0.0,4026000.0,0.0,0.0,0.0,0.0,0.5125140082181546,0.0,1372000.0,0.5125140082181546,537000.0,835000.0,0.3119163242435562,0.0,0.0,0.0,0.0,https://www.sec.gov/Archives/edgar/data/1299709/000110465905044550/a05-15792_110k.htm,https://www.sec.gov/Archives/edgar/data/1299709/000110465905044550/a05-15792_110k.htm
