,date,symbol,fillingDate,acceptedDate,period,revenue,costOfRevenue,grossProfit,grossProfitRatio,researchAndDevelopmentExpenses,generalAndAdministrativeExpenses,sellingAndMarketingExpenses,otherExpenses,operatingExpenses,costAndExpenses,interestExpense,depreciationAndAmortization,ebitda,ebitdaratio,operatingIncome,operatingIncomeRatio,totalOtherIncomeExpensesNet,incomeBeforeTax,incomeBeforeTaxRatio,incomeTaxExpense,netIncome,netIncomeRatio,eps,epsdiluted,weightedAverageShsOut,weightedAverageShsOutDil,link,finalLink
0,2020-02-29,BHV,,,Q1,795860.0,334160.0,461700.0,0.580127,0.0,23000.0,0.0,-19010.0,3989.9999999999936,338150.0,344980.0,0.0,1147670.0,1.44205,457710.0,0.575114,0.0,802690.0,1.008582,0.0,802690.0,1.008582,0.49945,0.49945,1607160.0,1607160.0,,
0,2019-08-31,BHV,,,Q4,836250.0,379760.0,456490.0,0.545877,0.0,25190.0,0.0,-15370.0,9819.999999999995,389580.0,1398830.0,0.0,3244330.0,3.879617,446670.0,0.534135,0.0,1845500.0,2.206876,0.0,1845500.0,2.206876,1.14816,1.14816,1607350.0,1607350.0,,
0,2019-02-28,BHV,,,Q3,849270.0,359260.0,490010.0,0.576978,0.0,22930.0,0.0,-16700.0,6229.999999999958,365489.99999999994,-204650.0,0.0,74480.0,0.087699,483780.0,0.569642,0.0,279130.0,0.328671,0.0,279130.0,0.328671,0.1739,0.1739,1605120.0,1605120.0,,
0,2018-08-31,BHV,,,Q2,886050.0,350490.0,535560.0,0.604435,0.0,18640.0,0.0,-12290.0,6349.999999999967,356839.99999999994,-249090.0,0.0,31030.0,0.035021,529210.0,0.597269,0.0,280120.0,0.316145,0.0,280120.0,0.316145,0.1745,0.1745,1605250.0,1605250.0,,
0,2018-02-28,BHV,,,Q1,885610.0,309980.0,575630.0,0.649981,0.0,17920.0,0.0,-17740.0,180.00000000001347,310160.0,-866960.0,0.0,-1158470.0,-1.308104,575450.0,0.649778,0.0,-291510.0,-0.329163,0.0,-291510.0,-0.329163,-0.18193,-0.18193,1602280.0,1602280.0,,
0,2017-08-31,BHV,,,Q4,904100.0,294280.0,609820.0,0.674505,0.0,12390.0,0.0,-20150.0,-7759.999999999989,286520.0,236220.0,0.0,1090030.0,1.205652,617580.0,0.683088,0.0,853810.0,0.944376,0.0,853810.0,0.944376,0.53289,0.53289,1602230.0,1602230.0,,
0,2017-02-28,BHV,,,Q3,910000.0,280000.0,630000.0,0.692308,0.0,20000.0,0.0,-20000.0,0.0,280000.0,-1570000.0,0.0,-2520000.0,-2.769231,630000.0,0.692308,-30000.0,-950000.0,-1.043956,0.0,-950000.0,-1.043956,-0.59375,-0.59375,1600000.0,1600000.0,,
0,2016-08-31,BHV,,,Q2,920000.0,260000.0,650000.0,0.706522,0.0,30000.0,0.0,-50000.0,-10000.00000000001,250000.0,590000.0,0.0,1850000.0,2.01087,670000.0,0.728261,-50000.0,1260000.0,1.369565,0.0,1260000.0,1.369565,0.7875,0.7875,1600000.0,1600000.0,,
0,2016-02-29,BHV,,,Q1,880000.0,230000.0,660000.0,0.75,0.0,40000.0,0.0,-10000.0,30000.0,260000.0,480000.0,0.0,1580000.0,1.795455,630000.0,0.715909,-30000.0,1100000.0,1.25,0.0,1100000.0,1.25,0.6875,0.6875,1600000.0,1600000.0,,
