,date,symbol,fillingDate,acceptedDate,period,revenue,costOfRevenue,grossProfit,grossProfitRatio,researchAndDevelopmentExpenses,generalAndAdministrativeExpenses,sellingAndMarketingExpenses,otherExpenses,operatingExpenses,costAndExpenses,interestExpense,depreciationAndAmortization,ebitda,ebitdaratio,operatingIncome,operatingIncomeRatio,totalOtherIncomeExpensesNet,incomeBeforeTax,incomeBeforeTaxRatio,incomeTaxExpense,netIncome,netIncomeRatio,eps,epsdiluted,weightedAverageShsOut,weightedAverageShsOutDil,link,finalLink
0,2020-09-30,HBMD,2020-11-09,2020-11-09 15:56:27,Q3,20951000,0.0,20951000,1.0,0.0,0.0,189000.0,737000.0,926000.0,926000.0,-2679000.0,605000.0,1382000.0,0.06596343849935564,777000.0,0.037086535248914136,187000.0,5952000.0,0.2840914514820295,1348000.0,4604000.0,0.21975084721493007,0.24599707090368658,0.24599707090368658,18715670,18715670,https://www.sec.gov/Archives/edgar/data/1390162/000110465920123036/0001104659-20-123036-index.htm,https://www.sec.gov/Archives/edgar/data/1390162/000110465920123036/hbmd-20200930x10q.htm
0,2020-06-30,HBMD,2020-08-10,2020-08-10 13:01:45,Q2,22879000,0.0,22879000,1.0,0.0,50628000,453000.0,1811000.0,53982000,6259000.0,3354000.0,1230000.0,-23165000,-62.1362586605,-27749000,-64.0854503464,20000.0,-27749000,-64.0854503464,1660000.0,-29409000,-67.9191685912,-1.57136,-1.57136,18715670,18715670,https://www.sec.gov/Archives/edgar/data/1390162/000110465920092582/0001104659-20-092582-index.htm,https://www.sec.gov/Archives/edgar/data/1390162/000110465920092582/hbmd-20200630x10q.htm
0,2020-03-31,HBMD,2020-05-11,2020-05-11 17:05:06,Q1,20891000,4701000.0,16190000,0.774974869561055,0.0,18004000,450000.0,1075000.0,22705000,1525000.0,4701000.0,1257000.0,8845000.0,0.05489066858634032,2887000.0,0.029784936560784667,234000.0,2887000.0,0.12989291820390533,-456000.0,3343000.0,0.15040943039683255,0.17674,0.17674,18914950,18914950,https://www.sec.gov/Archives/edgar/data/1390162/000110465920059627/0001104659-20-059627-index.htm,https://www.sec.gov/Archives/edgar/data/1390162/000110465920034091/tm205358d1_10k.htm
0,2019-12-31,HBMD,2020-03-16,2020-03-16 16:26:48,Q4,22891000,5283000.0,17608000,0.7692106067886942,0.0,15111000,853000.0,3175000.0,20394000,7811000.0,5283000.0,1280000.0,14343000,12.2394366197,7780000.0,10.9577464789,185000.0,7780000.0,10.9577464789,1880000.0,5900000.0,8.30985915493,0.30922,0.30922,19080150,19080150,https://www.sec.gov/Archives/edgar/data/1390162/000110465920034091/0001104659-20-034091-index.htm,https://www.sec.gov/Archives/edgar/data/1390162/000110465920034091/tm205358d1_10k.htm
0,2019-09-30,HBMD,2019-11-08,2019-11-08 11:33:35,Q3,22248000,5740000.0,16508000,0.7419992808342323,0.0,16013000,545000.0,2952000.0,21753000,7939000.0,5740000.0,1320999.9999999998,13296000,9.86225895317,6235000.0,8.58815426997,273000.0,6235000.0,8.58815426997,1598000.0,4637000.0,6.3870523416,0.243,0.243,19081960,19081960,https://www.sec.gov/Archives/edgar/data/1390162/000110465919061488/0001104659-19-061488-index.htm,https://www.sec.gov/Archives/edgar/data/1390162/000110465919061488/tm1919497d1_10q.htm
0,2019-06-30,HBMD,2019-08-09,2019-08-09 09:41:00,Q2,23195000,5791000.0,17404000,0.7503341237335632,0.0,20564000,484000.0,1871000.0,26355000,8272000.0,5791000.0,1390000.0,9812000.0,6.99122807018,2631000.0,5.55847953216,274000.0,2631000.0,3.84649122807,543000.0,2088000.0,3.05263157895,0.10951,0.10951,19067620,19067620,https://www.sec.gov/Archives/edgar/data/1390162/000114420419038738/0001144204-19-038738-index.htm,https://www.sec.gov/Archives/edgar/data/1390162/000114420419038738/tv525839_10q.htm
0,2019-03-31,HBMD,2019-05-10,2019-05-10 10:38:37,Q1,22009000,5310000.0,16699000,0.7587350629288019,0.0,16582000,457000.0,557000.0,21892000,8034000.0,5310000.0,1370000.0,12107000,8.23285486443,5427000.0,6.78787878788,362000.0,5427000.0,0.2381934691011236,1171000.0,4256000.0,6.78787878788,0.22322,0.22322,19066790,19066790,https://www.sec.gov/Archives/edgar/data/1390162/000114420419025121/0001144204-19-025121-index.htm,https://www.sec.gov/Archives/edgar/data/1390162/000114420419014232/tv515353_10k.htm
0,2018-12-31,HBMD,2019-03-15,2019-03-15 13:59:38,Q4,21626000,4485000.0,17141000,0.7926107463238694,0.0,21274000,0.0,0.0,25759000,7503000.0,4485000.0,1134000.0,5971000.0,1.2280431433,352000.0,0.224961479199,0.0,352000.0,1.63328197227,206000.0,146000.0,0.224961479199,0.00766,0.00766,19051570,19051570,https://www.sec.gov/Archives/edgar/data/1390162/000114420419014232/0001144204-19-014232-index.htm,https://www.sec.gov/Archives/edgar/data/1390162/000114420419014232/tv515353_10k.htm
0,2018-09-30,HBMD,2018-11-07,2018-11-07 11:11:26,Q3,22510000,3790000.0,18720000,0.8316303864948912,0.0,17100000,540000.0,1101000.0,20890000,8691000.0,3790000.0,1490000.0000000002,10690000,10.4838709677,5410000.0,10.0061443932,337000.0,5410000.0,9.69278033794,1430000.0,3980000.0,6.11213517665,0.20903,0.20903,19040000,19040000,https://www.sec.gov/Archives/edgar/data/1390162/000114420418057825/0001144204-18-057825-index.htm,https://www.sec.gov/Archives/edgar/data/1390162/000114420418057825/tv505826_10q.htm
0,2018-06-30,HBMD,2018-08-09,2018-08-09 12:16:26,Q2,23500000,3290000.0,20210000,0.86,0.0,26570000,1104000.0,176000.0,29860000,9911000.0,3290000.0,1569999.9999999998,1789999.9999999998,0.176371082621,-3070000.0,0.273237179487,261000.0,-3070000.0,0.273237179487,-790000.0,-2280000.0,0.202813390313,-0.12,-0.12,19000000,19000000,https://www.sec.gov/Archives/edgar/data/1390162/000114420418043137/0001144204-18-043137-index.htm,https://www.sec.gov/Archives/edgar/data/1390162/000114420418043137/tv499661_10q.htm
0,2018-03-31,HBMD,2018-05-10,2018-05-10 14:35:55,Q1,16850000,2210000.0,14640000,0.8688427299703264,0.0,24270000,1005000.0,22000.0,26480000,7569000.0,2210000.0,850000.0,-4360000.0,-0.554659203161,-7420000.0,-0.610717813632,214000.0,-7420000.0,-0.610717813632,-1740000.0,-5680000.0,-0.467155087257,-0.43425,-0.43425,13080000,13080000,https://www.sec.gov/Archives/edgar/data/1390162/000114420418027016/0001144204-18-027016-index.htm,https://www.sec.gov/Archives/edgar/data/1390162/000114420418014840/tv487877_10k.htm
0,2017-12-31,HBMD,2018-03-15,2018-03-15 12:51:52,Q4,14530000,1480000.0,13050000,0.8981417756366139,0.0,12650000,0.0,0.0,14130000,5981000.0,1480000.0,430000.00000000006,3570000.0,0.219866071429,1880000.0,0.19044237013,0.0,1880000.0,0.19044237013,-220000.0,1880000.0,0.191051136364,0.19067,0.19067,9860000.0,9860000.0,https://www.sec.gov/Archives/edgar/data/1390162/000114420418014840/0001144204-18-014840-index.htm,https://www.sec.gov/Archives/edgar/data/1390162/000114420418014840/tv487877_10k.htm
0,2017-09-30,HBMD,2017-11-07,2017-11-07 13:44:32,Q3,14860000,1360000.0,13500000,0.9084791386271871,0.0,12130000,991000.0,149000.0,13490000,5972000.0,1360000.0,429999.99999999994,4520000.0,0.310097385956,2730000.0,0.279958995387,113000.0,2730000.0,0.279958995387,1020000.0,1710000.0,0.175602255254,0.1736,0.1736,9850000.0,9850000.0,https://www.sec.gov/Archives/edgar/data/1390162/000114420417056816/0001144204-17-056816-index.htm,https://www.sec.gov/Archives/edgar/data/1390162/000114420417056816/tv478319_10q.htm
0,2017-06-30,HBMD,2017-08-09,2017-08-09 12:00:50,Q2,14790000,1210000.0,13580000,0.9181879648411089,0.0,11560000,1185000.0,77000.0,12770000,6063000.0,1210000.0,480000.00000000006,4930000.0,0.358639570391,3230000.0,0.340528587975,87000.0,3230000.0,0.340528587975,1200000.0,2040000.0,0.214594082342,0.20859,0.20859,9780000.0,9780000.0,https://www.sec.gov/Archives/edgar/data/1390162/000114420417041499/0001144204-17-041499-index.htm,https://www.sec.gov/Archives/edgar/data/1390162/000114420417041499/v471575_10q.htm
0,2017-03-31,HBMD,2017-05-10,2017-05-10 12:10:54,Q1,13210000,1120000.0,12090000,0.915215745647237,0.0,10700000,941000.0,759000.0,11820000,5557000.0,1120000.0,460000.0,4090000.0,0.33024797166,2510000.0,0.28682436293,121000.0,2510000.0,0.28682436293,940000.0,1570000.0,0.178950977031,0.17821,0.17821,8810000.0,8810000.0,https://www.sec.gov/Archives/edgar/data/1390162/000114420417025893/0001144204-17-025893-index.htm,https://www.sec.gov/Archives/edgar/data/1390162/000114420417015052/v461197_10k.htm
0,2016-12-31,HBMD,2017-03-16,2017-03-16 15:03:25,Q4,11500000,1240000.0,10260000,0.8921739130434783,0.0,10020000,0.0,0.0,11260000,4653000.0,1240000.0,449999.99999999994,3170000.0,0.212498531657,1490000.0,0.174556560554,0.0,1490000.0,0.174556560554,530000.0,950000.0,0.112063902267,0.13591,0.13591,6990000.0,6990000.0,https://www.sec.gov/Archives/edgar/data/1390162/000114420417015052/0001144204-17-015052-index.htm,https://www.sec.gov/Archives/edgar/data/1390162/000114420417015052/v461197_10k.htm
0,2016-09-30,HBMD,2016-11-14,2016-11-14 09:34:18,Q3,13030000,1180000.0,11850000,0.9094397544128934,0.0,10280000,864000.0,2470000.0,11460000,4927000.0,1180000.0,490000.0000000001,4420000.0,0.304347826087,2750000.0,0.317992599445,34000.0,2750000.0,0.317992599445,1000000.0,1750000.0,0.202127659574,0.24718,0.24718,7080000.0,7080000.0,https://www.sec.gov/Archives/edgar/data/1390162/000114420416133730/0001144204-16-133730-index.htm,https://www.sec.gov/Archives/edgar/data/1390162/000114420416133730/v452170_10q.htm
0,2016-06-30,HBMD,2016-08-15,2016-08-15 11:26:45,Q2,12950000,1180000.0,11770000,0.9088803088803089,0.0,10380000,888000.0,107000.0,11560000,4870000.0,1180000.0,470000.0,4220000.0,0.364895522388,2570000.0,0.306746268657,31000.0,2570000.0,0.306746268657,930000.0,1640000.0,0.195940298507,0.23229,0.23229,7060000.0,7060000.0,https://www.sec.gov/Archives/edgar/data/1390162/000114420416119132/0001144204-16-119132-index.htm,https://www.sec.gov/Archives/edgar/data/1390162/000114420416119132/v445226_10q.htm
0,2016-03-31,HBMD,2016-05-12,2016-05-12 15:02:36,Q1,11490000,970000.0,10520000,0.9155787641427328,0.0,10070000,723000.0,99000.0,11040000,4584000.0,970000.0,490000.0,2890000.0,0.222954992479,1430000.0,0.165914612982,33000.0,1430000.0,0.165914612982,470000.0,960000.0,0.111072544255,0.13793,0.13793,6960000.0,6960000.0,https://www.sec.gov/Archives/edgar/data/1390162/000114420416101213/0001144204-16-101213-index.htm,https://www.sec.gov/Archives/edgar/data/1390162/000114420416091338/v434505_10k.htm
0,2015-12-31,HBMD,2016-03-30,2016-03-30 14:06:01,Q4,11920000,920000.0,11000000,0.9228187919463087,0.0,11210000,0.0,0.0,12130000,4755000.0,920000.0,510000.0,2150000.0,0.136434108527,710000.0,0.0789590254707,0.0,710000.0,0.0789590254707,230000.0,490000.0,0.0539313399779,0.0705,0.0705,6950000.0,6950000.0,https://www.sec.gov/Archives/edgar/data/1390162/000114420416091338/0001144204-16-091338-index.htm,https://www.sec.gov/Archives/edgar/data/1390162/000114420416091338/v434505_10k.htm
0,2015-09-30,HBMD,2015-11-16,2015-11-16 06:36:08,Q3,10940000,810000.0,10130000,0.9259597806215722,0.0,11830000,786000.0,319000.0,12640000,4652000.0,810000.0,339999.99999999994,249999.99999999997,-0.0706939200625,-890000.0,-0.116000520766,16000.0,-890000.0,-0.116000520766,-110000.0,-790000.0,-0.102200234344,-0.12173,-0.12173,6490000.0,6490000.0,https://www.sec.gov/Archives/edgar/data/1390162/000114420415065503/0001144204-15-065503-index.htm,https://www.sec.gov/Archives/edgar/data/1390162/000114420415065503/v423998_10q.htm
0,2015-06-30,HBMD,2015-08-13,2015-08-13 11:31:23,Q2,10240000,690000.0,9550000.0,0.9326171875,0.0,8980000.0,679000.0,298000.0,9670000.0,3939000.0,690000.0,330000.0,2280000.0,0.232387115752,1260000.0,0.185615531696,14000.0,1260000.0,0.185615531696,470000.0,790000.0,0.116340638329,0.16322,0.16322,4840000.0,4840000.0,https://www.sec.gov/Archives/edgar/data/1390162/000114420415048812/0001144204-15-048812-index.htm,https://www.sec.gov/Archives/edgar/data/1390162/000114420415048812/v416721_10q.htm
0,2015-03-31,HBMD,2015-05-14,2015-05-14 15:33:34,Q1,9120000.0,660000.0,8460000.0,0.9276315789473685,0.0,8090000.0,628000.0,95000.0,8750000.0,3850000.0,660000.0,290000.0,1980000.0,0.196394266292,1030000.0,0.152357026747,13000.0,1030000.0,0.152357026747,380000.0,650000.0,0.0959066055859,0.15663,0.15663,4150000.0,4150000.0,https://www.sec.gov/Archives/edgar/data/1390162/000114420415030654/0001144204-15-030654-index.htm,https://www.sec.gov/Archives/edgar/data/1390162/000114420415018880/v404814_10k.htm
0,2014-12-31,HBMD,2015-03-27,2015-03-27 13:53:01,Q4,24940000,670000.0,24270000,0.9731355252606255,0.0,9580000.0,0.0,228000.0,10250000,4978000.0,670000.0,239999.99999999994,16270000,2.38729915838,15360000,2.35011476664,0.0,15360000,2.35011476664,6190000.0,9170000.0,1.40367253252,2.18333,2.18333,4200000.0,4200000.0,https://www.sec.gov/Archives/edgar/data/1390162/000114420415018880/0001144204-15-018880-index.htm,https://www.sec.gov/Archives/edgar/data/1390162/000114420415018880/v404814_10k.htm
0,2014-09-30,HBMD,2014-11-13,2014-11-13 11:37:36,Q3,7350000.0,650000.0,6700000.0,0.9115646258503401,0.0,7030000.0,400000.0,846000.0,7680000.0,2789000.0,650000.0,210000.00000000006,1180000.0,0.0996902826171,310000.0,0.0602013162989,9000.0,310000.0,0.0602013162989,80000.0,240000.0,0.045683313976,0.05755,0.05755,4170000.0,4170000.0,https://www.sec.gov/Archives/edgar/data/1390162/000114420414067490/0001144204-14-067490-index.htm,https://www.sec.gov/Archives/edgar/data/1390162/000114420414067490/v393017_10q.htm
0,2014-06-30,HBMD,2014-08-13,2014-08-13 08:09:34,Q2,6890000.0,570000.0,6320000.0,0.9172714078374455,0.0,5680000.0,459000.0,552000.0,6250000.0,2907000.0,570000.0,199999.99999999997,1990000.0,0.292193000621,1210000.0,0.251397804929,7000.0,1210000.0,0.251397804929,480000.0,740000.0,0.152619589977,0.17961,0.17961,4120000.0,4120000.0,https://www.sec.gov/Archives/edgar/data/1390162/000114420414049086/0001144204-14-049086-index.htm,https://www.sec.gov/Archives/edgar/data/1390162/000114420414049086/v385183_10q.htm
0,2014-03-31,HBMD,2014-05-14,2014-05-14 09:56:56,Q1,5050000.0,520000.0,4530000.0,0.897029702970297,0.0,4670000.0,261000.0,265000.0,5190000.0,2760000.0,520000.0,190000.0,1100000.0,0.130081300813,380000.0,0.0862691960253,14000.0,380000.0,0.0862691960253,120000.0,270000.0,0.0600722673893,0.06538,0.06538,4130000.0,4130000.0,https://www.sec.gov/Archives/edgar/data/1390162/000114420414030175/0001144204-14-030175-index.htm,https://www.sec.gov/Archives/edgar/data/1390162/000114420414018352/v371821_10k.htm
0,2013-12-31,HBMD,2014-03-27,2014-03-27 17:03:17,Q4,4750000.0,520000.0,4230000.0,0.8905263157894737,0.0,4010000.0,0.0,223000.0,4530000.0,2137000.0,520000.0,179999.99999999997,1440000.0,0.207478340173,730000.0,0.167122663019,0.0,730000.0,0.167122663019,180000.0,560000.0,0.12699498404,0.13397,0.13397,4180000.0,4180000.0,https://www.sec.gov/Archives/edgar/data/1390162/000114420414018352/0001144204-14-018352-index.htm,https://www.sec.gov/Archives/edgar/data/1390162/000114420414018352/v371821_10k.htm
0,2013-09-30,HBMD,2013-11-14,2013-11-14 11:47:30,Q3,4480000.0,500000.0,3980000.0,0.8883928571428571,0.0,3850000.0,153000.0,542000.0,4350000.0,1905000.0,500000.0,160000.00000000003,1290000.0,0.190476190476,630000.0,0.151755651756,12000.0,630000.0,0.151755651756,220000.0,410000.0,0.0978835978836,0.10149,0.10149,4040000.0,4040000.0,https://www.sec.gov/Archives/edgar/data/1390162/000114420413061506/0001144204-13-061506-index.htm,https://www.sec.gov/Archives/edgar/data/1390162/000114420413061506/v359019_10q.htm
0,2013-06-30,HBMD,2013-08-14,2013-08-14 13:16:56,Q2,4040000.0,440000.0,3600000.0,0.8910891089108911,0.0,3220000.0,178000.0,294000.0,3660000.0,1763000.0,440000.0,140000.0,1390000.0,0.258611410118,820000.0,0.219860064586,12000.0,820000.0,0.219860064586,300000.0,510000.0,0.138320775027,0.12439,0.12439,4100000.0,4100000.0,https://www.sec.gov/Archives/edgar/data/1390162/000114420413045691/0001144204-13-045691-index.htm,https://www.sec.gov/Archives/edgar/data/1390162/000114420413045691/v351601_10q.htm
0,2013-03-31,HBMD,2013-05-15,2013-05-15 10:15:55,Q1,3880000.0,440000.0,3440000.0,0.8865979381443299,0.0,3110000.0,133000.0,167000.0,3550000.0,1592000.0,440000.0,150000.0,1350000.0,0.252957746479,760000.0,0.215211267606,11000.0,760000.0,0.215211267606,280000.0,480000.0,0.136056338028,0.11881,0.11881,4040000.0,4040000.0,https://www.sec.gov/Archives/edgar/data/1390162/000114420413029071/0001144204-13-029071-index.htm,https://www.sec.gov/Archives/edgar/data/1390162/000114420413017794/v337004_10k.htm
0,2012-12-31,HBMD,2013-03-27,2013-03-27 13:57:08,Q4,3800000.0,460000.0,3340000.0,0.8789473684210526,0.0,3050000.0,171000.0,683000.0,3510000.0,729000.0,460000.0,140000.0,1350000.0,0.13503375844,750000.0,0.163165791448,9000.0,750000.0,0.163165791448,310000.0,440000.0,0.076144036009,0.10891,0.10891,4040000.0,4040000.0,https://www.sec.gov/Archives/edgar/data/1390162/000114420413017794/0001144204-13-017794-index.htm,https://www.sec.gov/Archives/edgar/data/1390162/000114420413017794/v337004_10k.htm
0,2012-09-30,HBMD,2012-11-09,2012-11-09 12:08:30,Q3,3630000.0,490000.0,3140000.0,0.8650137741046832,0.0,2970000.0,145000.0,505000.0,3460000.0,1491000.0,490000.0,130000.0,1280000.0,0.230363423212,660000.0,0.193728018757,15000.0,660000.0,0.193728018757,270000.0,390000.0,0.113716295428,0.104,0.104,3750000.0,3750000.0,https://www.sec.gov/Archives/edgar/data/1390162/000114420412060708/0001144204-12-060708-index.htm,https://www.sec.gov/Archives/edgar/data/1390162/000114420412060708/v326142_10q.htm
0,2012-06-30,HBMD,2012-08-14,2012-08-14 10:46:39,Q2,3510000.0,540000.0,2970000.0,0.8461538461538461,0.0,2840000.0,173000.0,341000.0,3380000.0,1443000.0,540000.0,130000.0,1350000.0,0.240269690469,670000.0,0.205945448973,18000.0,670000.0,0.205945448973,280000.0,400000.0,0.12105424456,0.15152,0.15152,2640000.0,2640000.0,https://www.sec.gov/Archives/edgar/data/1390162/000114420412045268/0001144204-12-045268-index.htm,https://www.sec.gov/Archives/edgar/data/1390162/000114420412045268/v319774_10q.htm
