,date,symbol,fillingDate,acceptedDate,period,revenue,costOfRevenue,grossProfit,grossProfitRatio,researchAndDevelopmentExpenses,generalAndAdministrativeExpenses,sellingAndMarketingExpenses,otherExpenses,operatingExpenses,costAndExpenses,interestExpense,depreciationAndAmortization,ebitda,ebitdaratio,operatingIncome,operatingIncomeRatio,totalOtherIncomeExpensesNet,incomeBeforeTax,incomeBeforeTaxRatio,incomeTaxExpense,netIncome,netIncomeRatio,eps,epsdiluted,weightedAverageShsOut,weightedAverageShsOutDil,link,finalLink
0,2019-06-30,EMCI,2019-08-08 00:00:00,2019-08-08 11:21:13,Q2,186899000,122517000,64382000,0.34447482330028517,0.0,0.0,0.0,23715000,0.0,122517000,0.0,0.0,1641000.0,0.00878014328595,1641000.0,0.00878014328595,1557000.0,1641000.0,0.00878014328595,356000.0,1285000.0,0.00687537118979,0.0594,0.0594,21632903,21632903,https://www.sec.gov/Archives/edgar/data/356130/000035613019000077/0000356130-19-000077-index.html,https://www.sec.gov/Archives/edgar/data/356130/000035613019000077/a201963010q.htm
0,2019-03-31,EMCI,2019-05-09 00:00:00,2019-05-09 17:04:09,Q1,204243000,104969000,99274000,0.4860582737229672,0.0,0.0,0.0,22592000,0.0,104969000,0.0,0.0,42285000,0.207032799166,42285000,0.207032799166,1535000.0,42285000,0.207032799166,8754000.0,33531000,0.164172089129,1.54959,1.54959,21638588,21638588,https://www.sec.gov/Archives/edgar/data/356130/000035613019000063/0000356130-19-000063-index.html,https://www.sec.gov/Archives/edgar/data/356130/000035613019000063/a201933110q.htm
0,2018-12-31,EMCI,2019-03-06 00:00:00,2019-03-06 15:12:28,Q4,141586000,116163000,25423000,0.179558713432119,0.0,0.0,0.0,22594000,0.0,116163000,0.0,0.0,-30870000,-0.21803003121777578,-30870000,-0.21803003121777578,2440000.0,-30870000,-0.21803003121777578,-9325000.0,-21545000,-0.15216899975986325,-0.99979,-0.99979,21638588,21549436,https://www.sec.gov/Archives/edgar/data/356130/000035613019000037/0000356130-19-000037-index.html,https://www.sec.gov/Archives/edgar/data/356130/000035613019000037/a2018123110k.htm
0,2018-09-30,EMCI,2018-11-07 00:00:00,2018-11-07 15:45:04,Q3,189125000,111277000,77848000,0.4116219431592862,0.0,0.0,0.0,20924000,0.0,111277000,0.0,0.0,24444000,0.12924785195,24444000,0.12924785195,2331000.0,24444000,0.12924785195,5296000.0,19148000,0.101245208196,0.88939,0.88939,21638588,21529394,https://www.sec.gov/Archives/edgar/data/356130/000035613018000147/0000356130-18-000147-index.html,https://www.sec.gov/Archives/edgar/data/356130/000035613018000147/a201893010q.htm
0,2018-06-30,EMCI,2018-08-07 00:00:00,2018-08-07 14:41:32,Q2,166637000,119091000,47546000,0.28532678816829393,0.0,0.0,0.0,22451000,0.0,119091000,0.0,0.0,-7722000.0,-0.046340248564244436,-7722000.0,-0.046340248564244436,2773000.0,-7722000.0,-0.046340248564244436,-2727000.0,-4995000.0,-0.029975335609738533,-0.23215,-0.23215,21638588,21515812,https://www.sec.gov/Archives/edgar/data/356130/000035613018000125/0000356130-18-000125-index.html,https://www.sec.gov/Archives/edgar/data/356130/000035613018000125/a201863010q.htm
0,2018-03-31,EMCI,2018-05-04 00:00:00,2018-05-04 13:37:10,Q1,163379000,110628000,52751000,0.32287503289896496,0.0,0.0,0.0,22855000,0.0,110628000,0.0,0.0,-528000.0,-0.0032317494904485888,-528000.0,-0.0032317494904485888,1615000.0,-528000.0,-0.0032317494904485888,-452000.0,-76000.0,-0.0004651760630191151,-0.00353,-0.00353,21638588,21501897,https://www.sec.gov/Archives/edgar/data/356130/000035613018000095/0000356130-18-000095-index.html,https://www.sec.gov/Archives/edgar/data/356130/000035613018000095/a201833110q.htm
0,2017-12-31,EMCI,2018-03-05 00:00:00,2018-03-05 16:41:08,Q4,174320000,98880000,75440000,0.4327673244607618,0.0,0.0,0.0,19074000,0.0,98880000,0.0,0.0,24587000,0.141045204222,24587000,0.141045204222,486000.0,24587000,0.141045204222,-1597000.0,26184000,0.150206516751,1.22778,1.22778,21638588,21326358,https://www.sec.gov/Archives/edgar/data/356130/000035613018000035/0000356130-18-000035-index.html,https://www.sec.gov/Archives/edgar/data/356130/000035613018000035/a2017123110k.htm
0,2017-09-30,EMCI,2017-11-08 00:00:00,2017-11-08 14:07:04,Q3,165918000,119576000,46342000,0.2793066454513675,0.0,0.0,0.0,19521000,0.0,119576000,0.0,0.0,-440000.0,-0.002651912390457937,-440000.0,-0.002651912390457937,-179000.0,-440000.0,-0.002651912390457937,-1186000.0,746000.0,0.00449619691655,0.03503,0.03503,21638588,21295882,https://www.sec.gov/Archives/edgar/data/356130/000035613017000161/0000356130-17-000161-index.html,https://www.sec.gov/Archives/edgar/data/356130/000035613017000161/a201793010q.htm
0,2017-06-30,EMCI,2017-08-08 00:00:00,2017-08-08 16:02:21,Q2,164150000,182748000,-18598000,-0.1132988120621383,0.0,0.0,0.0,18857000,0.0,182748000,0.0,0.0,7229000.0,0.0440389887298,7229000.0,0.0440389887298,-655000.0,7229000.0,0.0440389887298,1725000.0,5504000.0,0.0335303076454,0.25882,0.25882,21638588,21265529,https://www.sec.gov/Archives/edgar/data/356130/000035613017000119/0000356130-17-000119-index.html,https://www.sec.gov/Archives/edgar/data/356130/000035613017000119/a201763010q.htm
0,2017-03-31,EMCI,2017-05-05 00:00:00,2017-05-05 13:52:05,Q1,154457000,20765000,133692000,0.865561288902413,0.0,0.0,0.0,19354000,0.0,20765000,0.0,0.0,8440000.0,0.0546430398104,8440000.0,0.0546430398104,0.0,8440000.0,0.0546430398104,1636000.0,6804000.0,0.0440510951268,0.32012,0.32012,21638588,21254430,https://www.sec.gov/Archives/edgar/data/356130/000035613017000076/0000356130-17-000076-index.html,https://www.sec.gov/Archives/edgar/data/356130/000035613017000076/a201733110q.htm
0,2016-12-31,EMCI,2017-03-06 00:00:00,2017-03-06 15:19:40,Q4,168398000,90795000,77603000,0.4608308887278946,0.0,0.0,0.0,17478000,0.0,90795000,0.0,0.0,29196000,0.1733749807,29196000,0.1733749807,1030000.0,29196000,0.1733749807,7904000.0,21292000,0.126438556277,1.0136,1.0136,21638588,21006302,https://www.sec.gov/Archives/edgar/data/356130/000035613017000048/0000356130-17-000048-index.html,https://www.sec.gov/Archives/edgar/data/356130/000035613017000048/a2016123110k.htm
0,2016-09-30,EMCI,2016-11-04 00:00:00,2016-11-04 14:14:06,Q3,162378000,108173000,54205000,0.33381985244306495,0.0,0.0,0.0,17606000,0.0,108173000,0.0,0.0,5047000.0,0.0310817967951,5047000.0,0.0310817967951,-85000.0,5047000.0,0.0310817967951,918000.0,4129000.0,0.0254283215707,0.19695,0.19695,21638588,20964236,https://www.sec.gov/Archives/edgar/data/356130/000035613016000354/0000356130-16-000354-index.html,https://www.sec.gov/Archives/edgar/data/356130/000035613016000354/a201693010q.htm
0,2016-06-30,EMCI,2016-08-09 00:00:00,2016-08-09 13:52:32,Q2,160336000,102820000,57516000,0.3587216844626285,0.0,0.0,0.0,17557000,0.0,102820000,0.0,0.0,8087000.0,0.0504378305558,8087000.0,0.0504378305558,77000.0,8087000.0,0.0504378305558,1959000.0,6128000.0,0.038219738549,0.29298,0.29298,21638588,20916022,https://www.sec.gov/Archives/edgar/data/356130/000035613016000317/0000356130-16-000317-index.html,https://www.sec.gov/Archives/edgar/data/356130/000035613016000317/a201663010q.htm
0,2016-03-31,EMCI,2016-05-06 00:00:00,2016-05-06 14:06:28,Q1,153871000,85109000,68762000,0.4468808287461575,0.0,0.0,0.0,16971000,0.0,85109000,0.0,0.0,20877000,0.135678587908,20877000,0.135678587908,-11000.0,20877000,0.135678587908,6223000.0,14654000,0.0952356194475,0.70309,0.70309,21638588,20842199,https://www.sec.gov/Archives/edgar/data/356130/000035613016000255/0000356130-16-000255-index.html,https://www.sec.gov/Archives/edgar/data/356130/000035613016000255/a201633110q.htm
0,2015-12-31,EMCI,2016-03-08 00:00:00,2016-03-08 15:09:29,Q4,147479000,90133000,57346000,0.38884180120559536,0.0,0.0,0.0,18067000,0.0,90133000,0.0,0.0,13923000,0.0944066612874,13923000,0.0944066612874,103000.0,13923000,0.0944066612874,4028000.0,9895000.0,0.0670942981713,0.47983,0.47983,21638588,20621919,https://www.sec.gov/Archives/edgar/data/356130/000035613016000235/0000356130-16-000235-index.html,https://www.sec.gov/Archives/edgar/data/356130/000035613016000235/a2015123110k.htm
0,2015-09-30,EMCI,2015-11-06 00:00:00,2015-11-06 14:00:42,Q3,165104000,102685000,62419000,0.378058678166489,0.0,0.0,0.0,16045000,0.0,102685000,0.0,0.0,15921000,0.0964301288885,15921000,0.0964301288885,519000.0,15921000,0.0964301288885,4732000.0,11189000,0.0677694059502,0.54375,0.54375,21638588,20577493,https://www.sec.gov/Archives/edgar/data/356130/000035613015000139/0000356130-15-000139-index.html,https://www.sec.gov/Archives/edgar/data/356130/000035613015000139/a201593010q.htm
0,2015-06-30,EMCI,2015-08-06 00:00:00,2015-08-06 14:40:03,Q2,158808000,102133000,56675000,0.35687748728023777,0.0,0.0,0.0,16785000,0.0,102133000,0.0,0.0,11875000,0.074775829933,11875000,0.074775829933,-512000.0,11875000,0.074775829933,3127000.0,8748000.0,0.0550853861266,0.42624,0.42624,21638588,20523794,https://www.sec.gov/Archives/edgar/data/356130/000035613015000098/0000356130-15-000098-index.html,https://www.sec.gov/Archives/edgar/data/356130/000035613015000098/a201563010q.htm
0,2015-03-31,EMCI,2015-05-07 00:00:00,2015-05-07 14:34:10,Q1,152335000,75785000,76550000,0.5025109134473364,0.0,0.0,0.0,17521000,0.0,75785000,0.0,0.0,29937000,0.196520825812,29937000,0.196520825812,1615000.0,29937000,0.196520825812,9607000.0,20330000,0.133455870286,1.4922,1.4922,21638588,13624201,https://www.sec.gov/Archives/edgar/data/356130/000035613015000066/0000356130-15-000066-index.html,https://www.sec.gov/Archives/edgar/data/356130/000035613015000066/a201533110q.htm
0,2014-12-31,EMCI,2015-03-06,2015-03-06 14:38:31,Q4,150886000,84007000,66879000,0.44324191773922034,0.0,0.0,0.0,13885000,0.0,84007000,0.0,0.0,23865000,0.158165767533,23865000,0.158165767533,2347000.0,23865000,0.158165767533,7711000.0,16154000,0.10706095993,1.1992,1.1992,21638588,13470623,https://www.sec.gov/Archives/edgar/data/356130/000035613015000048/0000356130-15-000048-index.htm,https://www.sec.gov/Archives/edgar/data/356130/000035613015000048/a2014123110k.htm
0,2014-09-30,EMCI,2014-11-07 00:00:00,2014-11-07 16:09:28,Q3,149631000,106652000,42979000,0.28723326048746584,0.0,0.0,0.0,13907000,0.0,106652000,0.0,0.0,1883000.0,0.0125842906884,1883000.0,0.0125842906884,202000.0,1883000.0,0.0125842906884,-346000.0,2229000.0,0.0148966457485,0.1658,0.1658,21638588,13443798,https://www.sec.gov/Archives/edgar/data/356130/000035613014000132/0000356130-14-000132-index.html,https://www.sec.gov/Archives/edgar/data/356130/000035613014000132/a201493010q.htm
0,2014-06-30,EMCI,2014-08-07 00:00:00,2014-08-07 14:05:41,Q2,147552000,194815000,-47263000,-0.3203141943179354,0.0,0.0,0.0,13604000,0.0,194815000,0.0,0.0,270000.0,0.0018298633702,270000.0,0.0018298633702,181000.0,270000.0,0.0018298633702,-744000.0,1014000.0,0.00687215354587,0.07562,0.07562,21638588,13409851,https://www.sec.gov/Archives/edgar/data/356130/000035613014000110/0000356130-14-000110-index.html,https://www.sec.gov/Archives/edgar/data/356130/000035613014000110/a201463010q.htm
0,2014-03-31,EMCI,2014-05-08 00:00:00,2014-05-08 13:28:03,Q1,146398000,0.0,146398000,1.0,0.0,0.0,0.0,15430000,0.0,0.0,0.0,0.0,14889000,0.101702209047,14889000,0.101702209047,201000.0,14889000,0.101702209047,4294000.0,10595000,0.0723712072569,0.79371,0.79371,21638588,13348730,https://www.sec.gov/Archives/edgar/data/356130/000035613014000084/0000356130-14-000084-index.html,https://www.sec.gov/Archives/edgar/data/356130/000035613014000084/emci201433110q.htm
0,2013-12-31,EMCI,2014-03-12,2014-03-12 14:17:02,Q4,151832213,0.0,151832213,1.0,0.0,0.0,0.0,17346093000,0.0,0.0,0.0,0.0,22829935,0.15036292068,22829935,0.15036292068,233707000,22829935,0.15036292068,6995658.0,15834277,0.104287994538,1.20996,1.20996,21638588,13086612,https://www.sec.gov/Archives/edgar/data/356130/000035613014000052/0000356130-14-000052-index.htm,https://www.sec.gov/Archives/edgar/data/356130/000035613014000052/emci2013123110k.htm
0,2013-09-30,EMCI,2013-11-07 00:00:00,2013-11-07 14:53:58,Q3,144109477,0.0,144109477,1.0,0.0,0.0,0.0,17331775000,0.0,0.0,0.0,689276.0,10254142,0.0711552231919,9564866.0,0.0663722206139,194732000,9564866.0,0.0663722206139,2365223.0,7199643.0,0.0499595387471,0.55194,0.55194,21638588,13044351,https://www.sec.gov/Archives/edgar/data/356130/000035613013000076/0000356130-13-000076-index.html,https://www.sec.gov/Archives/edgar/data/356130/000035613013000076/emci201393010q.htm
0,2013-06-30,EMCI,2013-08-08 00:00:00,2013-08-08 14:34:07,Q2,138566944,0.0,138566944,1.0,0.0,0.0,0.0,15055667000,0.0,0.0,0.0,-410883.0,7537772.0,0.0543980532615,7948655.0,0.0573632842765,163417000,7948655.0,0.0573632842765,1736419.0,6212236.0,0.0448320199657,0.47624,0.47624,21638588,13044351,https://www.sec.gov/Archives/edgar/data/356130/000035613013000053/0000356130-13-000053-index.html,https://www.sec.gov/Archives/edgar/data/356130/000035613013000053/emci201363010q.htm
0,2013-03-31,EMCI,2013-05-09 00:00:00,2013-05-09 14:34:05,Q1,133842713,0.0,133842713,1.0,0.0,0.0,0.0,16020906000,0.0,0.0,0.0,-278393.0,20230571,0.151151829984,20508964,0.153231831157,234505000,20508964,0.153231831157,6236447.0,14272517,0.106636489056,1.09415,1.09415,21638588,13044351,https://www.sec.gov/Archives/edgar/data/356130/000114036113019711/0001140361-13-019711-index.html,https://www.sec.gov/Archives/edgar/data/356130/000114036113019711/form10q.htm
0,2012-12-31,EMCI,2013-03-12 00:00:00,2013-03-12 15:54:39,Q4,128727934,0.0,128727934,1.0,0.0,0.0,0.0,15569059000,0.0,0.0,0.0,-87474.0,18409301,0.143009371998,18496775,0.143688898169,172851000,18496775,0.143688898169,5498854.0,12997921,0.100972031447,0.99644,0.99644,21638588,13044351,https://www.sec.gov/Archives/edgar/data/356130/000114036113011989/0001140361-13-011989-index.html,https://www.sec.gov/Archives/edgar/data/356130/000114036113011989/form10k.htm
0,2012-09-30,EMCI,2012-11-08 00:00:00,2012-11-08 11:45:57,Q3,132562158,0.0,132562158,1.0,0.0,0.0,0.0,15761224000,0.0,0.0,0.0,-19103.0,10731253,0.0809526124341,10750356,0.0810967184164,224826000,10750356,0.0810967184164,2429112.0,8321244.0,0.0627723939135,0.63792,0.63792,21638588,13044351,https://www.sec.gov/Archives/edgar/data/356130/000114036112046203/0001140361-12-046203-index.html,https://www.sec.gov/Archives/edgar/data/356130/000114036112046203/form10q.htm
0,2012-06-30,EMCI,2012-08-08 00:00:00,2012-08-08 16:00:28,Q2,120503570,0.0,120503570,1.0,0.0,0.0,0.0,14330439000,0.0,0.0,0.0,205757.0,-5511598243,-0.02280732695833113,-5511804000,-0.022808178393244574,222751000,-5511804000,-0.022808178393244574,5739219000,-2576471000,-0.010661592863792188,-197.51623,-197.51623,21638588,13044351,https://www.sec.gov/Archives/edgar/data/356130/000114036112035736/0001140361-12-035736-index.html,https://www.sec.gov/Archives/edgar/data/356130/000114036112035736/form10q.htm
0,2012-03-31,EMCI,2012-05-09,2012-05-09 12:51:24,Q1,130073865,0.0,130073865,1.0,0.0,0.0,0.0,15257869000,0.0,0.0,0.0,199384.0,28097671,0.216013193734,27898287,0.214480341612,238998000,27898287,0.214480341612,8674552.0,19223735,0.147790910957,1.47372,1.47372,21638588,13044351,https://www.sec.gov/Archives/edgar/data/356130/000114036112023859/0001140361-12-023859-index.htm,https://www.sec.gov/Archives/edgar/data/356130/000114036112023859/form10q.htm
0,2011-12-31,EMCI,2012-03-14 00:00:00,2012-03-14 14:37:22,Q4,126051859,0.0,126051859,1.0,0.0,0.0,0.0,8369597000,0.0,0.0,0.0,81866.0,12737658,0.101050933331,12655792,0.100401470477,-724487000,12655792,0.100401470477,3349454.0,9306338.0,0.0738294387233,0.71344,0.71344,21638588,13044351,https://www.sec.gov/Archives/edgar/data/356130/000114036112015492/0001140361-12-015492-index.html,https://www.sec.gov/Archives/edgar/data/356130/000114036112015492/form10k.htm
0,2011-09-30,EMCI,2011-11-08 00:00:00,2011-11-08 17:00:03,Q3,115423984,0.0,115423984,1.0,0.0,0.0,0.0,6670535000,0.0,0.0,0.0,90119.0,90119.0,6.481600020713732e-05,-8005796.0,-0.0693599001053,198157000,-8005796.0,-0.0693599001053,-3861713.0,-4144083000,-2.9805355650461527,-317.69177,-317.69177,21638588,13044351,https://www.sec.gov/Archives/edgar/data/356130/000114036111052338/0001140361-11-052338-index.html,https://www.sec.gov/Archives/edgar/data/356130/000114036111052338/form10q.htm
0,2011-06-30,EMCI,2011-08-09 00:00:00,2011-08-09 14:52:27,Q2,203106798,0.0,203106798,1.0,0.0,-11738000,0.0,8635112000,-11738000,-11738000,-8083000.0,-871985.0,-6442269985,-2.717442144993633,-6441398000,-2.7170743291780397,236483000,-6441398000,-2.7170743291780397,-9059543.0,-12481219000,-5.26475770349064,-956.82944,-956.82944,21638588,13044351,https://www.sec.gov/Archives/edgar/data/356130/000114036111040548/0001140361-11-040548-index.html,https://www.sec.gov/Archives/edgar/data/356130/000114036111040548/form10q.htm
0,2011-03-31,EMCI,2011-05-10 00:00:00,2011-05-10 13:46:51,Q1,8504042000,0.0,8504042000,1.0,0.0,0.0,0.0,9621324000,0.0,0.0,-225000000,0.0,6355381000,0.7473365018658187,6355381000,0.7473365018658187,203830000,6355381000,0.7473365018658187,0.0,5221350000,0.6139845028987392,0.4,0.4,13053375000,13053375000,https://www.sec.gov/Archives/edgar/data/356130/000114036111026291/0001140361-11-026291-index.html,https://www.sec.gov/Archives/edgar/data/356130/000114036111026291/form10-q.htm
0,2010-12-31,EMCI,2011-03-10,2011-03-10 11:51:32,Q4,2528369000,0.0,2528369000,1.0,0.0,0.0,0.0,14501654000,0.0,0.0,-225000000,0.0,0.0,0.0,0.0,0.0,0.0,0.0,0.0,0.0,10711183000,4.236400224808958,0.82009,0.82009,13060967916,13060967916,https://www.sec.gov/Archives/edgar/data/356130/000114036111015608/0001140361-11-015608-index.htm,https://www.sec.gov/Archives/edgar/data/356130/000114036111015608/form10k.htm
0,2010-09-30,EMCI,2010-11-08 00:00:00,2010-11-08 17:18:27,Q3,2116249000,0.0,2116249000,1.0,0.0,0.0,0.0,9422956000,0.0,0.0,-225000000,0.0,0.0,0.0,0.0,0.0,0.0,0.0,0.0,0.0,7458575000,3.524431671320341,0.57109,0.57109,13060215189,13060215189,https://www.sec.gov/Archives/edgar/data/356130/000114036110044252/0001140361-10-044252-index.html,https://www.sec.gov/Archives/edgar/data/356130/000114036110044252/form10q.htm
0,2010-06-30,EMCI,2010-08-06 00:00:00,2010-08-06 11:35:59,Q2,718692000,0.0,718692000,1.0,0.0,0.0,0.0,9134635000,0.0,0.0,-225000000,0.0,0.0,0.0,0.0,0.0,0.0,0.0,0.0,0.0,3298473000,4.589550182832145,0.25033,0.25033,13176565000,13176565000,https://www.sec.gov/Archives/edgar/data/356130/000114036110031962/0001140361-10-031962-index.html,https://www.sec.gov/Archives/edgar/data/356130/000114036110031962/form10q.htm
0,2010-03-31,EMCI,2010-05-07 00:00:00,2010-05-07 16:27:58,Q1,889769000,0.0,889769000,1.0,0.0,0.0,0.0,10365194000,0.0,0.0,-225000000,0.0,-120539000,-0.13547224054782758,-120539000,-0.13547224054782758,-120539000,-120539000,-0.13547224054782758,0.0,9878092000,11.101861269610428,0.75,0.75,13170789333,13170789333,https://www.sec.gov/Archives/edgar/data/356130/000114036110019820/0001140361-10-019820-index.html,https://www.sec.gov/Archives/edgar/data/356130/000114036110019820/form_10q.htm
0,2009-12-31,EMCI,2010-03-15 00:00:00,2010-03-15 17:01:42,Q4,2114942000,0.0,2114942000,1.0,0.0,0.0,0.0,10082193000,0.0,0.0,-225000000,0.0,-22127585000,-10.462502044973338,-22127585000,-10.462502044973338,-414146000,-22127585000,-10.462502044973338,0.0,27548844000,13.025815365149494,2.08875,2.08875,13189131976,13189131976,https://www.sec.gov/Archives/edgar/data/356130/000114036110011937/0001140361-10-011937-index.html,https://www.sec.gov/Archives/edgar/data/356130/000114036110011937/form10k.htm
0,2009-09-30,EMCI,2009-11-09 00:00:00,2009-11-09 15:59:06,Q3,1537669000,0.0,1537669000,1.0,0.0,0.0,0.0,9497185000,0.0,0.0,-225000000,0.0,6470929000,4.208271741187473,6470929000,4.208271741187473,224191000,6470929000,4.208271741187473,0.0,5050775000,3.284695861072832,0.3826,0.3826,13201311111,13201311111,https://www.sec.gov/Archives/edgar/data/356130/000114036109025225/0001140361-09-025225-index.html,https://www.sec.gov/Archives/edgar/data/356130/000114036109025225/form10-q.htm
0,2009-06-30,EMCI,2009-08-07 00:00:00,2009-08-07 15:14:01,Q2,4135000.0,0.0,4135000.0,1.0,0.0,0.0,0.0,10307318000,0.0,0.0,-225000000,0.0,8890941000,2150.1671100362755,8890941000,2150.1671100362755,198272000,8890941000,2150.1671100362755,0.0,6967132000,1684.9170495767835,0.52372,0.52372,13303119791,13303119791,https://www.sec.gov/Archives/edgar/data/356130/000114036109018228/0001140361-09-018228-index.html,https://www.sec.gov/Archives/edgar/data/356130/000114036109018228/form10q.htm
0,2009-03-31,EMCI,2009-05-08 00:00:00,2009-05-08 13:54:14,Q1,38197000,0.0,38197000,1.0,0.0,0.0,0.0,9130283000,0.0,0.0,-225000000,0.0,6927018000,181.34979186847136,6927018000,181.34979186847136,152986000,6927018000,181.34979186847136,0.0,5803863000,151.94551928161897,0.44,0.44,13190597727,13190597727,https://www.sec.gov/Archives/edgar/data/356130/000114036109011523/0001140361-09-011523-index.html,https://www.sec.gov/Archives/edgar/data/356130/000114036109011523/form10q.htm
0,2008-12-31,EMCI,2009-03-13 00:00:00,2009-03-13 12:55:54,Q4,105834000,0.0,105834000,1.0,0.0,0.0,0.0,34528000,0.0,0.0,-225000.0,0.0,-1381000.0,-0.013048736700871175,-1381000.0,-0.013048736700871175,127000.0,-1381000.0,-0.013048736700871175,-1855000.0,474000.0,0.004478711945121606,0.03614,0.03614,13115384,13115384,https://www.sec.gov/Archives/edgar/data/356130/000114036109006898/0001140361-09-006898-index.html,https://www.sec.gov/Archives/edgar/data/356130/000114036109006898/form10k.htm
0,2008-09-30,EMCI,2008-11-07 00:00:00,2008-11-07 16:29:24,Q3,94755000,0.0,94755000,1.0,0.0,0.0,0.0,29046000,0.0,0.0,-225000.0,-44405267000,-44414377000,-468.72858424357554,-9110000.0,-0.09614268376338979,191000.0,-9110000.0,-0.09614268376338979,-6931000.0,-2179000.0,-0.022996147960529786,-0.16,-0.16,13618750,13618750,https://www.sec.gov/Archives/edgar/data/356130/000114036108024738/0001140361-08-024738-index.html,https://www.sec.gov/Archives/edgar/data/356130/000114036108024738/form10q.htm
0,2008-06-30,EMCI,2008-08-08 00:00:00,2008-08-08 11:47:43,Q2,109148000,0.0,109148000,1.0,0.0,0.0,0.0,31756000,0.0,0.0,-225000.0,21894170000,21883311000,200.49209330450398,-10859000,-0.09948876754498479,160000.0,-10859000,-0.09948876754498479,-2640000.0,-8219000.0,-0.075301425587276,-0.6,-0.6,13698333,13698333,https://www.sec.gov/Archives/edgar/data/356130/000035613008000058/0000356130-08-000058-index.html,https://www.sec.gov/Archives/edgar/data/356130/000035613008000058/q2stqtr08.htm
0,2008-03-31,EMCI,2008-05-09 00:00:00,2008-05-09 14:28:12,Q1,104154000,0.0,104154000,1.0,0.0,0.0,0.0,32055000,0.0,0.0,-214000.0,22511097000,22522157000,216.2390018626265,11060000,0.10618891257176873,148000.0,11060000,0.10618891257176873,2841000.0,8219000.0,0.07891199569867696,0.6,0.6,13698333,13698333,https://www.sec.gov/Archives/edgar/data/356130/000035613008000040/0000356130-08-000040-index.html,https://www.sec.gov/Archives/edgar/data/356130/000035613008000040/q1stqtr08.htm
0,2007-09-30,EMCI,2007-11-08 00:00:00,2007-11-08 17:06:21,Q3,108897554000,0.0,108897554000,1.0,0.0,0.0,0.0,11183359000,0.0,0.0,-278100000,20948818000,29736693000,0.2730703483018544,8787875000,0.08069855269660144,111646000,8787875000,0.08069855269660144,0.0,8787875000,0.08069855269660144,0.09027,0.09027,97355290196,97355290196,https://www.sec.gov/Archives/edgar/data/356130/000035613007000058/0000356130-07-000058-index.html,https://www.sec.gov/Archives/edgar/data/356130/000035613007000058/q3rdqtr07q.htm
0,2007-06-30,EMCI,2007-08-09 00:00:00,2007-08-09 16:10:39,Q2,219323891000,0.0,219323891000,1.0,0.0,0.0,0.0,18948125000,0.0,0.0,-555922000,22493487000,63335923000,0.2887780383214157,40842436000,0.18621973107343787,270781000,40842436000,0.18621973107343787,-6186000.0,40848622000,0.18624793593507785,0.33988,0.33988,120186244117,120186244117,https://www.sec.gov/Archives/edgar/data/356130/000035613007000047/0000356130-07-000047-index.html,https://www.sec.gov/Archives/edgar/data/356130/000035613007000047/q2ndqtr07q.htm
0,2007-03-31,EMCI,2007-05-10 00:00:00,2007-05-10 14:36:13,Q1,107910000,0.0,107910000,1.0,0.0,0.0,0.0,32686000,0.0,0.0,-278000.0,21778141000,21799028000,202.0111945139468,20887000,0.19355944768788805,120000.0,20887000,0.19355944768788805,6186000.0,14701000,0.13623389861921972,1.07,1.07,13739252,13739252,https://www.sec.gov/Archives/edgar/data/356130/000035613007000037/0000356130-07-000037-index.html,https://www.sec.gov/Archives/edgar/data/356130/000035613007000037/q1stqtr07q.htm
0,2006-09-30,EMCI,2006-11-09,Not found...,Q3,105868671000,0.0,105868671000,1.0,0.0,0.0,0.0,10295721000,0.0,0.0,-278100000,63376058000,78704289000,0.743414347762994,15328231000,0.1447853350307949,99312000,15328231000,0.1447853350307949,0.0,15328231000,0.1447853350307949,0.12264,0.12264,124984410416,124984410416,https://www.sec.gov/Archives/edgar/data/356130/000035613006000085/0000356130-06-000085-index.htm,https://www.sec.gov/Archives/edgar/data/356130/000035613006000085/q3rdqtr10q.htm
0,2006-06-30,EMCI,2006-08-09,Not found...,Q2,221113430000,0.0,221113430000,1.0,0.0,0.0,0.0,19639276000,0.0,0.0,-555922000,-21095152000,23540975000,0.10646560455418741,44636127000,0.2018698140587842,332784000,44636127000,0.2018698140587842,-8895000.0,44645022000,0.20191004228010936,0.31986,0.31986,139575893750,139575893750,https://www.sec.gov/Archives/edgar/data/356130/000035613006000055/0000356130-06-000055-index.htm,https://www.sec.gov/Archives/edgar/data/356130/000035613006000055/q2ndqtr10q.htm
0,2006-03-31,EMCI,2006-05-10,Not found...,Q1,109224000,0.0,109224000,1.0,0.0,0.0,0.0,31919000,0.0,0.0,-278000.0,21497129000,21525288000,197.07470885519666,28159000,0.2578096389071999,109000.0,28159000,0.2578096389071999,8895000.0,19264000,0.17637149344466418,1.41,1.41,13662411,13662411,https://www.sec.gov/Archives/edgar/data/356130/000035613006000044/0000356130-06-000044-index.htm,https://www.sec.gov/Archives/edgar/data/356130/000035613006000044/q1stqtr10q.htm
0,2005-12-31,EMCI,2006-03-16,2006-03-16 12:31:50,Q4,400360422000,0.0,400360422000,1.0,0.0,0.0,0.0,39957869000,0.0,0.0,-1111566000,-66828911000,-6751235000,-0.016862893105852508,60077676000,0.15005897860703124,656452000,60077676000,0.15005897860703124,-8154000.0,42985053000,0.10736588992805088,3.15824,3.15824,13610457278,13610457278,https://www.sec.gov/Archives/edgar/data/356130/000035613006000034/0000356130-06-000034-index.htm,https://www.sec.gov/Archives/edgar/data/356130/000035613006000034/form10k.htm
