,date,symbol,fillingDate,acceptedDate,period,revenue,costOfRevenue,grossProfit,grossProfitRatio,researchAndDevelopmentExpenses,generalAndAdministrativeExpenses,sellingAndMarketingExpenses,otherExpenses,operatingExpenses,costAndExpenses,interestExpense,depreciationAndAmortization,ebitda,ebitdaratio,operatingIncome,operatingIncomeRatio,totalOtherIncomeExpensesNet,incomeBeforeTax,incomeBeforeTaxRatio,incomeTaxExpense,netIncome,netIncomeRatio,eps,epsdiluted,weightedAverageShsOut,weightedAverageShsOutDil,link,finalLink
0,2020-06-30,ISTR,2020-08-06,2020-08-06 16:44:41,Q2,22270000,0.0,22270000,1.0,0.0,16980000,78000.0,2597000.0,22443000,2675000.0,5463000.0,1149000.0,11902000,0.10810015965044954,5290000.0,0.059826905302075455,229000.0,5290000.0,0.22225023107301908,1016000.0,4274000.0,0.17956474245861692,0.39276,0.39276,10882080,10882080,https://www.sec.gov/Archives/edgar/data/1602658/000160265820000132/0001602658-20-000132-index.htm,https://www.sec.gov/Archives/edgar/data/1602658/000160265820000132/istr-20200630.htm
0,2020-03-31,ISTR,2020-05-08,2020-05-08 17:01:47,Q1,18424000,6286000.0,12138000,0.6588145896656535,0.0,17667000,32000.0,2488000.0,23953000,2520000.0,6286000.0,1033000.0,8076000.0,0.022903348715126372,757000.0,0.022903348715126372,257000.0,757000.0,0.03204775411709919,149000.0,608000.0,0.025739807798145716,0.05423,0.05423,11211340,11211340,https://www.sec.gov/Archives/edgar/data/1602658/000160265820000113/0001602658-20-000113-index.htm,https://www.sec.gov/Archives/edgar/data/1602658/000160265820000113/istr0331202010-q.htm
0,2019-12-31,ISTR,2020-03-13,2020-03-13 17:24:00,Q4,18540000,6550000.0,11990000,0.6467098166127292,0.0,14365000,55000.0,2464000.0,20915000,7826000.0,6550000.0,943000.0000000001,11668000,0.291364574123,4175000.0,0.246094901267,439000.0,4175000.0,0.246094901267,844000.0,3331000.0,0.196345417035,0.32875,0.32875,10132360,10132360,https://www.sec.gov/Archives/edgar/data/1602658/000160265820000084/0001602658-20-000084-index.htm,https://www.sec.gov/Archives/edgar/data/1602658/000160265820000084/istr-1231201910xk.htm
0,2019-09-30,ISTR,2019-11-08,2019-11-08 12:46:04,Q3,17984000,6488000.0,11496000,0.6392348754448398,0.0,12220000,86000.0,5603000.0,18708000,7325000.0,6488000.0,882000.0000000001,13134000,0.412562629842,5764000.0,0.35219357204,162000.0,5764000.0,0.35219357204,1107000.0,4657000.0,0.284553342295,0.46394,0.46394,10037930,10037930,https://www.sec.gov/Archives/edgar/data/1602658/000160265819000149/0001602658-19-000149-index.htm,https://www.sec.gov/Archives/edgar/data/1602658/000160265819000149/istr0930201910-q.htm
0,2019-06-30,ISTR,2019-08-09,2019-08-09 13:11:17,Q2,18073000,6057000.0,12016000,0.6648591822054999,0.0,11923000,68000.0,2061000.0,17980000,7077000.0,6057000.0,873000.0,13080000,0.454656787704,6150000.0,0.376584410018,232000.0,6150000.0,0.376584410018,1216000.0,4934000.0,0.302124793338,0.48831,0.48831,10104250,10104250,https://www.sec.gov/Archives/edgar/data/1602658/000160265819000120/0001602658-19-000120-index.htm,https://www.sec.gov/Archives/edgar/data/1602658/000160265819000120/istr0630201910-q.htm
0,2019-03-31,ISTR,2019-05-09,2019-05-09 16:40:49,Q1,16437000,5530000.0,10907000,0.6635639106892985,0.0,11568000,51000.0,1862000.0,17098000,6415000.0,5530000.0,764000.0,11163000,0.400237529691,4869000.0,0.321258907363,216000.0,4869000.0,0.321258907363,952000.0,3917000.0,0.258445500132,0.40089,0.40089,9770750.0,9770750.0,https://www.sec.gov/Archives/edgar/data/1602658/000160265819000093/0001602658-19-000093-index.htm,https://www.sec.gov/Archives/edgar/data/1602658/000160265819000066/istr-1231201810xk.htm
0,2018-12-31,ISTR,2019-03-15,2019-03-15 17:23:06,Q4,15643000,5120000.0,10523000,0.6726970529949499,0.0,11499000,84000.0,7422000.0,16619000,6280000.0,5120000.0,682999.9999999998,10247000,0.349091645843,4144000.0,0.279867630175,136000.0,4144000.0,0.279867630175,1107000.0,3337000.0,0.225366380766,0.34679,0.34679,9622560.0,9622560.0,https://www.sec.gov/Archives/edgar/data/1602658/000160265819000066/0001602658-19-000066-index.htm,https://www.sec.gov/Archives/edgar/data/1602658/000160265819000066/istr-1231201810xk.htm
0,2018-09-30,ISTR,2018-11-09,2018-11-09 12:30:28,Q3,15610000,4390000.0,11220000,0.7187700192184497,0.0,11040000,71000.0,1711000.0,15430000,6646000.0,4390000.0,640000.0000000001,9600000.0,0.393812999652,4560000.0,0.317205422315,162000.0,4560000.0,0.317205422315,520000.0,4050000.0,0.28133472367,0.41839,0.41839,9680000.0,9680000.0,https://www.sec.gov/Archives/edgar/data/1602658/000160265818000155/0001602658-18-000155-index.htm,https://www.sec.gov/Archives/edgar/data/1602658/000160265818000155/istr0930201810-q.htm
0,2018-06-30,ISTR,2018-08-09,2018-08-09 16:26:36,Q2,15510000,3690000.0,11820000,0.7620889748549323,0.0,10730000,44000.0,3379000.0,14420000,6495000.0,3690000.0,630000.0,9110000.0,0.408100558659,4790000.0,0.334217877095,142000.0,4790000.0,0.334217877095,970000.0,3820000.0,0.266759776536,0.39585,0.39585,9650000.0,9650000.0,https://www.sec.gov/Archives/edgar/data/1602658/000160265818000112/0001602658-18-000112-index.htm,https://www.sec.gov/Archives/edgar/data/1602658/000160265818000112/istr0630201810-q.htm
0,2018-03-31,ISTR,2018-05-10,2018-05-10 16:41:00,Q1,14930000,3320000.0,11610000,0.7776289350301406,0.0,11190000,38000.0,1559000.0,14510000,6048000.0,3320000.0,600000.0,7060000.0,0.350627796219,3740000.0,0.27009669505,93000.0,3740000.0,0.27009669505,740000.0,2400000.0,0.173329484774,0.24974,0.24974,9610000.0,9610000.0,https://www.sec.gov/Archives/edgar/data/1602658/000160265818000086/0001602658-18-000086-index.htm,https://www.sec.gov/Archives/edgar/data/1602658/000160265818000056/istr-1231201710xk.htm
0,2017-12-31,ISTR,2018-03-16,2018-03-16 14:38:58,Q4,13780000,3150000.0,10630000,0.7714078374455733,0.0,10010000,151000.0,1376000.0,13160000,5486000.0,3150000.0,560000.0,7180000.0,0.375282827495,3780000.0,0.29460872279,132000.0,3780000.0,0.29460872279,1190000.0,2280000.0,0.178200827027,0.25362,0.25362,8990000.0,8990000.0,https://www.sec.gov/Archives/edgar/data/1602658/000160265818000056/0001602658-18-000056-index.htm,https://www.sec.gov/Archives/edgar/data/1602658/000160265818000056/istr-1231201710xk.htm
0,2017-09-30,ISTR,2017-11-09,2017-11-09 16:25:16,Q3,12710000,2900000.0,9810000.0,0.7718332022029898,0.0,9540000.0,124000.0,1346000.0,12440000,5136000.0,2900000.0,540000.0,6600000.0,0.276911076443,3160000.0,0.274137632172,150000.0,3160000.0,0.274137632172,1030000.0,2130000.0,0.184694054429,0.24205,0.24205,8800000.0,8800000.0,https://www.sec.gov/Archives/edgar/data/1602658/000160265817000101/0001602658-17-000101-index.htm,https://www.sec.gov/Archives/edgar/data/1602658/000160265817000101/istr0930201710-q.htm
0,2017-06-30,ISTR,2017-08-09,2017-08-09 15:02:30,Q2,10100000,2540000.0,7560000.0,0.7485148514851485,0.0,7310000.0,119000.0,1279000.0,9850000.0,4109000.0,2540000.0,390000.0,5730000.0,0.31864115244,2800000.0,0.301010535369,86000.0,2800000.0,0.301010535369,880000.0,1920000.0,0.206729735541,0.22094,0.22094,8690000.0,8690000.0,https://www.sec.gov/Archives/edgar/data/1602658/000160265817000064/0001602658-17-000064-index.htm,https://www.sec.gov/Archives/edgar/data/1602658/000160265817000064/istr0630201710-q.htm
0,2017-03-31,ISTR,2017-05-04,2017-05-04 17:00:57,Q1,9750000.0,2230000.0,7520000.0,0.7712820512820513,0.0,7030000.0,28000.0,1293000.0,9260000.0,3950000.0,2230000.0,380000.0,5320000.0,0.311060948081,2710000.0,0.305981941309,60000.0,2710000.0,0.305981941309,850000.0,1860000.0,0.210383747178,0.25549,0.25549,7280000.0,7280000.0,https://www.sec.gov/Archives/edgar/data/1602658/000160265817000014/0001602658-17-000014-index.htm,https://www.sec.gov/Archives/edgar/data/1602658/000156459017003868/istr-10k_20161231.htm
0,2016-12-31,ISTR,2017-03-09,2017-03-09 16:56:21,Q4,9680000.0,2280000.0,7400000.0,0.7644628099173554,0.0,6980000.0,70000.0,1248000.0,9260000.0,3901000.0,2280000.0,379999.9999999999,5360000.0,0.350643434689,2700000.0,0.307368181301,61000.0,2700000.0,0.307368181301,850000.0,1850000.0,0.210454390161,0.2613,0.2613,7080000.0,7080000.0,https://www.sec.gov/Archives/edgar/data/1602658/000156459017003868/0001564590-17-003868-index.htm,https://www.sec.gov/Archives/edgar/data/1602658/000156459017003868/istr-10k_20161231.htm
0,2016-09-30,ISTR,2016-11-04,2016-11-04 10:13:30,Q3,9780000.0,2240000.0,7540000.0,0.7709611451942741,0.0,7000000.0,102000.0,1077000.0,9240000.0,3945000.0,2240000.0,370000.0000000001,5400000.0,0.359419627556,2780000.0,0.318062378613,62000.0,2780000.0,0.318062378613,750000.0,2040000.0,0.232720210214,0.28732,0.28732,7100000.0,7100000.0,https://www.sec.gov/Archives/edgar/data/1602658/000156459016027524/0001564590-16-027524-index.htm,https://www.sec.gov/Archives/edgar/data/1602658/000156459016027524/istr-10q_20160930.htm
0,2016-06-30,ISTR,2016-08-04,2016-08-04 16:02:37,Q2,10920000,2060000.0,8860000.0,0.8113553113553114,0.0,7900000.0,102000.0,2101000.0,9960000.0,3890000.0,2060000.0,370000.0,5450000.0,0.38911988912,3010000.0,0.347655347655,47000.0,3010000.0,0.347655347655,1010000.0,2010000.0,0.231577731578,0.27917,0.27917,7200000.0,7200000.0,https://www.sec.gov/Archives/edgar/data/1602658/000156459016022670/0001564590-16-022670-index.htm,https://www.sec.gov/Archives/edgar/data/1602658/000156459016022670/istr-10q_20160630.htm
0,2016-03-31,ISTR,2016-05-06,2016-05-05 18:02:23,Q1,9840000.0,1830000.0,8010000.0,0.8140243902439024,0.0,6830000.0,112000.0,1028000.0,8660000.0,3873000.0,1830000.0,370000.0,5200000.0,0.391833391833,3000000.0,0.350532350532,37000.0,3000000.0,0.350532350532,1010000.0,1990000.0,0.23283023283,0.27486,0.27486,7240000.0,7240000.0,https://www.sec.gov/Archives/edgar/data/1602658/000156459016018057/0001564590-16-018057-index.htm,https://www.sec.gov/Archives/edgar/data/1602658/000156459016014510/istr-10k_20151231.htm
0,2015-12-31,ISTR,2016-03-11,2016-03-11 10:38:29,Q4,9800000.0,1650000.0,8150000.0,0.8316326530612245,0.0,7600000.0,93000.0,1315000.0,9250000.0,4358000.0,1650000.0,369999.9999999999,4220000.0,0.308496414246,2200000.0,0.267290628419,22000.0,2200000.0,0.267290628419,750000.0,1450000.0,0.176735140391,0.1989,0.1989,7290000.0,7290000.0,https://www.sec.gov/Archives/edgar/data/1602658/000156459016014510/0001564590-16-014510-index.htm,https://www.sec.gov/Archives/edgar/data/1602658/000156459016014510/istr-10k_20151231.htm
0,2015-09-30,ISTR,2015-11-06,2015-11-06 06:07:26,Q3,10120000,1530000.0,8590000.0,0.8488142292490118,0.0,7410000.0,35000.0,1489000.0,8940000.0,4161000.0,1530000.0,360000.0000000001,4600000.0,0.380910462777,2710000.0,0.340291750503,18000.0,2710000.0,0.340291750503,850000.0,1860000.0,0.233400402414,0.25655,0.25655,7250000.0,7250000.0,https://www.sec.gov/Archives/edgar/data/1602658/000156459015009815/0001564590-15-009815-index.htm,https://www.sec.gov/Archives/edgar/data/1602658/000156459015009815/istr-10q_20150930.htm
0,2015-06-30,ISTR,2015-08-07,2015-08-07 06:05:08,Q2,9850000.0,1410000.0,8440000.0,0.8568527918781725,0.0,7080000.0,62000.0,1393000.0,8490000.0,3971000.0,1410000.0,360000.0,4530000.0,0.519280205656,2760000.0,0.479305912596,18000.0,2760000.0,0.355269922879,950000.0,1810000.0,0.233033419023,0.24931,0.24931,7260000.0,7260000.0,https://www.sec.gov/Archives/edgar/data/1602658/000156459015006561/0001564590-15-006561-index.htm,https://www.sec.gov/Archives/edgar/data/1602658/000156459015006561/istr-10q_20150630.htm
0,2015-03-31,ISTR,2015-05-08,2015-05-08 15:36:17,Q1,10040000,1300000.0,8740000.0,0.8705179282868526,0.0,7120000.0,58000.0,1228000.0,8420000.0,3908000.0,1300000.0,360000.0,4580000.0,0.298306440859,2920000.0,0.26003467129,17000.0,2920000.0,1.6839976891969959,970000.0,1950000.0,0.26003467129,0.26897,0.26897,7250000.0,7250000.0,https://www.sec.gov/Archives/edgar/data/1602658/000156459015003738/0001564590-15-003738-index.htm,https://www.sec.gov/Archives/edgar/data/1602658/000156459015002171/istr-10k_20141231.htm
0,2014-12-31,ISTR,2015-03-31,2015-03-30 20:33:00,Q4,8870000.0,1250000.0,7620000.0,0.859075535512965,0.0,7350000.0,0.0,702000.0,8600000.0,3830000.0,1250000.0,390000.0000000001,3160000.0,0.194668074436,1520000.0,0.265144516299,17000.0,1520000.0,3.027944111776447,-490000.0,2010000.0,0.265144516299,0.27052,0.27052,7430000.0,7430000.0,https://www.sec.gov/Archives/edgar/data/1602658/000156459015002171/0001564590-15-002171-index.htm,https://www.sec.gov/Archives/edgar/data/1602658/000156459015002171/istr-10k_20141231.htm
0,2014-09-30,ISTR,2014-11-03,2014-11-03 17:25:34,Q3,8920000.0,1180000.0,7740000.0,0.8677130044843049,0.0,6780000.0,0.0,801000.0,7960000.0,3773000.0,1180000.0,309999.99999999994,3630000.0,0.149,2140000.0,0.072,14000.0,2140000.0,2.79571428571,700000.0,1440000.0,0.206,0.19699,0.19699,7310000.0,7310000.0,https://www.sec.gov/Archives/edgar/data/1602658/000156459014004892/0001564590-14-004892-index.htm,https://www.sec.gov/Archives/edgar/data/1602658/000156459014004892/istr-10q_20140930.htm
