,date,symbol,fillingDate,acceptedDate,period,revenue,costOfRevenue,grossProfit,grossProfitRatio,researchAndDevelopmentExpenses,generalAndAdministrativeExpenses,sellingAndMarketingExpenses,otherExpenses,operatingExpenses,costAndExpenses,interestExpense,depreciationAndAmortization,ebitda,ebitdaratio,operatingIncome,operatingIncomeRatio,totalOtherIncomeExpensesNet,incomeBeforeTax,incomeBeforeTaxRatio,incomeTaxExpense,netIncome,netIncomeRatio,eps,epsdiluted,weightedAverageShsOut,weightedAverageShsOutDil,link,finalLink
0,2020-09-30,FCCO,2020-11-06,2020-11-06 12:45:43,Q3,10976000,0.0,10976000,1.0,0.0,0.0,342000.0,79000.0,342000.0,342000.0,-800000.0,411000.0,3661000.0,0.3335459183673469,3250000.0,0.296100583090379,0.0,3250000.0,0.296100583090379,0.0,2652000.0,0.24161807580174927,0.3582170354892857,0.3582170354892857,7403333.0,7403333.0,https://www.sec.gov/Archives/edgar/data/932781/000155278120000551/0001552781-20-000551-index.htm,https://www.sec.gov/Archives/edgar/data/932781/000155278120000551/e20563_fcco-10q.htm
0,2020-06-30,FCCO,2020-08-10,2020-08-10 09:02:44,Q2,13130000,0.0,13130000,1.0,0.0,10381000,247000.0,40000.0,11304000,5935000.0,923000.0,499000.00000000006,4171000.0,23.2095238095,2749000.0,13.0904761905,0.0,2749000.0,13.0904761905,532000.0,2217000.0,10.5571428571,0.29699,0.29699,7465000.0,7465000.0,https://www.sec.gov/Archives/edgar/data/932781/000155278120000446/0001552781-20-000446-index.htm,https://www.sec.gov/Archives/edgar/data/932781/000155278120000446/e20458_fcco-10q.htm
0,2020-03-31,FCCO,2020-05-08,2020-05-08 16:38:08,Q1,12345000,1293000.0,11052000,0.8952612393681653,0.0,10113000,354000.0,35000.0,11406000,5758000.0,1293000.0,508000.0,4033000.0,5.56140350877,2232000.0,5.59398496241,0.0,2232000.0,5.59398496241,438000.0,1794000.0,4.4962406015,0.24022,0.24022,7468000.0,7468000.0,https://www.sec.gov/Archives/edgar/data/932781/000155278120000340/0001552781-20-000340-index.htm,https://www.sec.gov/Archives/edgar/data/932781/000155278120000182/e20131_fcco-10k.htm
0,2019-12-31,FCCO,2020-03-13,2020-03-13 17:30:23,Q4,12288000,1426000.0,10862000,0.8839518229166666,0.0,8864000.0,350000.0,81000.0,10290000,5542000.0,1426000.0,724000.0000000001,5574000.0,8.22883295195,3424000.0,7.8352402746,0.0,3424000.0,7.8352402746,727000.0,2697000.0,6.17162471396,0.36143,0.36143,7462000.0,7462000.0,https://www.sec.gov/Archives/edgar/data/932781/000155278120000182/0001552781-20-000182-index.htm,https://www.sec.gov/Archives/edgar/data/932781/000155278120000182/e20131_fcco-10k.htm
0,2019-09-30,FCCO,2019-11-07,2019-11-07 15:32:48,Q3,12466000,1511000.0,10955000,0.8787903096422268,0.0,8815000.0,159000.0,78000.0,10326000,5598000.0,1511000.0,484000.0,5646000.0,8.42755344418,3651000.0,8.67220902613,0.0,3651000.0,8.67220902613,753000.0,2898000.0,6.88361045131,0.38832,0.38832,7463000.0,7463000.0,https://www.sec.gov/Archives/edgar/data/932781/000155278119000445/0001552781-19-000445-index.htm,https://www.sec.gov/Archives/edgar/data/932781/000155278119000445/e19474_fcco-10q.htm
0,2019-06-30,FCCO,2019-08-08,2019-08-08 13:02:18,Q2,12302000,1490000.0,10812000,0.8788814826857422,0.0,8649000.0,430000.0,47000.0,10139000,5342000.0,1490000.0,388000.0,5531000.0,9.23421052632,3653000.0,9.61315789474,0.0,3653000.0,9.61315789474,772000.0,2881000.0,7.58157894737,0.37396,0.37396,7704000.0,7704000.0,https://www.sec.gov/Archives/edgar/data/932781/000155278119000346/0001552781-19-000346-index.htm,https://www.sec.gov/Archives/edgar/data/932781/000155278119000346/e19373_fcco-10q.htm
0,2019-03-31,FCCO,2019-05-09,2019-05-09 09:54:21,Q1,11529000,1354000.0,10175000,0.8825570300980137,0.0,8428000.0,175000.0,29000.0,9782000.0,5302000.0,1354000.0,525000.0,4980000.0,7.51094890511,3101000.0,7.54501216545,0.0,3101000.0,7.54501216545,606000.0,2495000.0,6.07055961071,0.32298,0.32298,7725000.0,7725000.0,https://www.sec.gov/Archives/edgar/data/932781/000155278119000231/0001552781-19-000231-index.htm,https://www.sec.gov/Archives/edgar/data/932781/000155278119000098/e19132_fcco-10k.htm
0,2018-12-31,FCCO,2019-03-14,2019-03-14 16:16:41,Q4,11652000,1202000.0,10450000,0.8968417439066255,0.0,8264000.0,459000.0,98000.0,9466000.0,5114000.0,1202000.0,522000.0,5112000.0,7.43652561247,3388000.0,7.54565701559,0.0,3388000.0,7.54565701559,702000.0,2686000.0,5.98218262806,0.346,0.346,7763000.0,7763000.0,https://www.sec.gov/Archives/edgar/data/932781/000155278119000098/0001552781-19-000098-index.htm,https://www.sec.gov/Archives/edgar/data/932781/000155278119000098/e19132_fcco-10k.htm
0,2018-09-30,FCCO,2018-11-08,2018-11-08 15:45:00,Q3,11720000,1100000.0,10620000,0.9061433447098977,0.0,8150000.0,177000.0,86000.0,9250000.0,5221000.0,1100000.0,519999.9999999999,5190000.0,-0.217420912524,3570000.0,-0.221011576797,0.0,3570000.0,-0.221011576797,740000.0,2830000.0,-0.175385377329,0.36658,0.36658,7720000.0,7720000.0,https://www.sec.gov/Archives/edgar/data/932781/000155278118000486/0001552781-18-000486-index.htm,https://www.sec.gov/Archives/edgar/data/932781/000155278118000486/e18431_fcco-10q.htm
0,2018-06-30,FCCO,2018-08-08,2018-08-08 10:59:30,Q2,11850000,880000.0,10970000,0.9257383966244725,0.0,8260000.0,194000.0,49000.0,9140000.0,5024000.0,880000.0,530000.0,5010000.0,0.397024275646,3600000.0,0.402282134467,0.0,3600000.0,0.402282134467,600000.0,3000000.0,0.335719879181,0.3881,0.3881,7730000.0,7730000.0,https://www.sec.gov/Archives/edgar/data/932781/000155278118000312/0001552781-18-000312-index.htm,https://www.sec.gov/Archives/edgar/data/932781/000155278118000312/e18292_fcco-10q.htm
0,2018-03-31,FCCO,2018-05-09,2018-05-09 10:17:00,Q1,11160000,800000.0,10360000,0.9283154121863799,0.0,7790000.0,89000.0,18000.0,8590000.0,4719000.0,800000.0,510000.0,4680000.0,0.370049214905,3370000.0,0.394773845793,0.0,3370000.0,0.394773845793,660000.0,2710000.0,0.317436137802,0.35149,0.35149,7710000.0,7710000.0,https://www.sec.gov/Archives/edgar/data/932781/000155278118000203/0001552781-18-000203-index.htm,https://www.sec.gov/Archives/edgar/data/932781/000155278118000106/e18091_fcco-10k.htm
0,2017-12-31,FCCO,2018-03-14,2018-03-14 16:36:52,Q4,10650000,680000.0,9970000.0,0.936150234741784,0.0,8540000.0,286000.0,3000.0,9220000.0,4602000.0,680000.0,489999.9999999999,2030000.0,0.220898485977,2110000.0,0.261603375527,0.0,2110000.0,0.261603375527,360000.0,500000.0,0.0622983370563,0.06588,0.06588,7590000.0,7590000.0,https://www.sec.gov/Archives/edgar/data/932781/000155278118000106/0001552781-18-000106-index.htm,https://www.sec.gov/Archives/edgar/data/932781/000155278118000106/e18091_fcco-10k.htm
0,2017-09-30,FCCO,2017-11-06,2017-11-06 16:06:16,Q3,9650000.0,690000.0,8960000.0,0.9284974093264249,0.0,7060000.0,96000.0,75000.0,7750000.0,4196000.0,690000.0,420000.0000000001,3700000.0,0.310130085801,2590000.0,0.358289510102,0.0,2590000.0,0.358289510102,700000.0,1890000.0,0.2619706615,0.27753,0.27753,6810000.0,6810000.0,https://www.sec.gov/Archives/edgar/data/932781/000155278117000609/0001552781-17-000609-index.htm,https://www.sec.gov/Archives/edgar/data/932781/000155278117000609/e17490_fcco-10q.htm
0,2017-06-30,FCCO,2017-08-09,2017-08-09 15:02:41,Q2,9690000.0,680000.0,9010000.0,0.9298245614035088,0.0,7450000.0,298000.0,56000.0,8130000.0,4335000.0,680000.0,440000.0,3360000.0,0.266846361186,2250000.0,0.318484891474,0.0,2250000.0,0.318484891474,580000.0,1660000.0,0.236061852745,0.24412,0.24412,6800000.0,6800000.0,https://www.sec.gov/Archives/edgar/data/932781/000155278117000467/0001552781-17-000467-index.htm,https://www.sec.gov/Archives/edgar/data/932781/000155278117000467/e17384_fcco-10q.htm
0,2017-03-31,FCCO,2017-05-09,2017-05-09 09:36:24,Q1,9040000.0,710000.0,8330000.0,0.9214601769911505,0.0,6840000.0,221000.0,27000.0,7550000.0,4161000.0,710000.0,440000.0,3360000.0,0.249822971251,2200000.0,0.311995468064,0.0,2200000.0,0.311995468064,450000.0,1760000.0,0.248689987254,0.25844,0.25844,6810000.0,6810000.0,https://www.sec.gov/Archives/edgar/data/932781/000155278117000298/0001552781-17-000298-index.htm,https://www.sec.gov/Archives/edgar/data/932781/000155278117000122/e17114_fcco-10k.htm
0,2016-12-31,FCCO,2017-03-13,2017-03-13 16:02:14,Q4,8990000.0,720000.0,8270000.0,0.9199110122358176,0.0,6760000.0,336000.0,201000.0,7480000.0,3926000.0,720000.0,420000.0000000001,3380000.0,0.243744480424,2240000.0,0.329408301442,0.0,2240000.0,0.329408301442,450000.0,1790000.0,0.263762143067,0.26093,0.26093,6860000.0,6860000.0,https://www.sec.gov/Archives/edgar/data/932781/000155278117000122/0001552781-17-000122-index.htm,https://www.sec.gov/Archives/edgar/data/932781/000155278117000122/e17114_fcco-10k.htm
0,2016-09-30,FCCO,2016-11-10,2016-11-10 10:33:16,Q3,9040000.0,750000.0,8290000.0,0.9170353982300885,0.0,6760000.0,240000.0,187000.0,7510000.0,3968000.0,750000.0,409999.9999999999,3440000.0,0.240866035183,2280000.0,0.342204179823,0.0,2280000.0,0.342204179823,600000.0,1680000.0,0.252142534957,0.24815,0.24815,6770000.0,6770000.0,https://www.sec.gov/Archives/edgar/data/932781/000155278116002086/0001552781-16-002086-index.htm,https://www.sec.gov/Archives/edgar/data/932781/000155278116002086/e00583_fcco-10q.htm
0,2016-06-30,FCCO,2016-08-11,2016-08-11 17:14:16,Q2,8940000.0,780000.0,8160000.0,0.912751677852349,0.0,6550000.0,195000.0,72000.0,7330000.0,3913000.0,780000.0,410000.00000000006,3590000.0,0.273476112026,2390000.0,0.358094952823,0.0,2390000.0,0.358094952823,650000.0,1750000.0,0.261344915381,0.26003,0.26003,6730000.0,6730000.0,https://www.sec.gov/Archives/edgar/data/932781/000155278116001915/0001552781-16-001915-index.htm,https://www.sec.gov/Archives/edgar/data/932781/000155278116001915/e00449_fcco-10q.htm
0,2016-03-31,FCCO,2016-05-12,2016-05-12 12:31:59,Q1,8430000.0,800000.0,7630000.0,0.9051008303677343,0.0,6480000.0,94000.0,51000.0,7280000.0,3834000.0,800000.0,410000.00000000006,3160000.0,0.217137446741,1940000.0,0.306769764873,0.0,1940000.0,0.306769764873,480000.0,1470000.0,0.231655357425,0.21778,0.21778,6750000.0,6750000.0,https://www.sec.gov/Archives/edgar/data/932781/000155278116001639/0001552781-16-001639-index.htm,https://www.sec.gov/Archives/edgar/data/932781/000155278116001410/e00121_fcco-10k.htm
0,2015-12-31,FCCO,2016-03-16,2016-03-16 09:53:56,Q4,8440000.0,860000.0,7580000.0,0.8981042654028436,0.0,6270000.0,165000.0,524000.0,7130000.0,3698000.0,860000.0,410000.0,3440000.0,0.229521109011,2170000.0,0.34168241966,0.0,2170000.0,0.34168241966,570000.0,1600000.0,0.25220541903,0.23599,0.23599,6780000.0,6780000.0,https://www.sec.gov/Archives/edgar/data/932781/000155278116001410/0001552781-16-001410-index.htm,https://www.sec.gov/Archives/edgar/data/932781/000155278116001410/e00121_fcco-10k.htm
0,2015-09-30,FCCO,2015-11-12,2015-11-12 14:54:29,Q3,8580000.0,860000.0,7720000.0,0.8997668997668997,0.0,6260000.0,129000.0,434000.0,7120000.0,3693000.0,860000.0,420000.00000000006,3600000.0,0.264672956981,2320000.0,0.371341755957,0.0,2320000.0,0.371341755957,640000.0,1680000.0,0.268511114665,0.25037,0.25037,6710000.0,6710000.0,https://www.sec.gov/Archives/edgar/data/932781/000155278115000997/0001552781-15-000997-index.htm,https://www.sec.gov/Archives/edgar/data/932781/000155278115000997/e00412_fcco-10q.htm
0,2015-06-30,FCCO,2015-08-12,2015-08-12 14:13:57,Q2,8770000.0,850000.0,7920000.0,0.9030786773090079,0.0,6780000.0,328000.0,308000.0,7630000.0,3756000.0,850000.0,410000.00000000006,3250000.0,0.214377820761,1990000.0,0.320599613153,0.0,1990000.0,0.320599613153,550000.0,1440000.0,0.232591876209,0.21493,0.21493,6700000.0,6700000.0,https://www.sec.gov/Archives/edgar/data/932781/000155278115000774/0001552781-15-000774-index.htm,https://www.sec.gov/Archives/edgar/data/932781/000155278115000774/e00319_fcco-10q.htm
0,2015-03-31,FCCO,2015-05-13,2015-05-13 11:57:42,Q1,8430000.0,840000.0,7590000.0,0.900355871886121,0.0,6510000.0,226000.0,154000.0,7350000.0,3668000.0,840000.0,400000.0,3160000.0,0.215105459057,1920000.0,0.298232009926,0.0,1920000.0,0.298232009926,520000.0,1400000.0,0.217741935484,0.2099,0.2099,6670000.0,6670000.0,https://www.sec.gov/Archives/edgar/data/932781/000155278115000559/0001552781-15-000559-index.htm,https://www.sec.gov/Archives/edgar/data/932781/000155278115000342/e00130_fcco-10k.htm
0,2014-12-31,FCCO,2015-03-27,2015-03-27 09:49:53,Q4,8330000.0,890000.0,7440000.0,0.8931572629051621,0.0,6270000.0,147000.0,553000.0,7160000.0,3656000.0,890000.0,400000.0000000001,3360000.0,0.24677002584,2060000.0,0.333171834625,0.0,2060000.0,0.333171834625,560000.0,1510000.0,0.243217054264,0.22437,0.22437,6730000.0,6730000.0,https://www.sec.gov/Archives/edgar/data/932781/000155278115000342/0001552781-15-000342-index.htm,https://www.sec.gov/Archives/edgar/data/932781/000155278115000342/e00130_fcco-10k.htm
0,2014-09-30,FCCO,2014-11-13,2014-11-13 09:58:52,Q3,8400000.0,870000.0,7530000.0,0.8964285714285715,0.0,6210000.0,591000.0,360000.0,7080000.0,3566000.0,870000.0,359999.99999999994,3410000.0,0.273950131234,2180000.0,0.358267716535,0.0,2180000.0,0.358267716535,630000.0,1550000.0,0.254593175853,0.23031,0.23031,6730000.0,6730000.0,https://www.sec.gov/Archives/edgar/data/932781/000155278114000983/0001552781-14-000983-index.htm,https://www.sec.gov/Archives/edgar/data/932781/000155278114000983/e00374_fcco-10q.htm
0,2014-06-30,FCCO,2014-08-13,2014-08-13 12:20:45,Q2,7850000.0,900000.0,6950000.0,0.8853503184713376,0.0,6190000.0,212000.0,255000.0,7090000.0,3335000.0,900000.0,350000.00000000006,2910000.0,0.163948209181,1660000.0,0.279300487641,0.0,1660000.0,0.279300487641,460000.0,1200000.0,0.201950563309,0.18519,0.18519,6480000.0,6480000.0,https://www.sec.gov/Archives/edgar/data/932781/000155278114000702/0001552781-14-000702-index.htm,https://www.sec.gov/Archives/edgar/data/932781/000155278114000702/e00270_fcco-10q.htm
0,2014-03-31,FCCO,2014-05-12,2014-05-12 11:36:37,Q1,7380000.0,910000.0,6470000.0,0.8766937669376694,0.0,6180000.0,161000.0,138000.0,7090000.0,3466000.0,910000.0,290000.0,2390000.0,0.129366812227,1200000.0,0.217430858806,0.0,1200000.0,0.217430858806,330000.0,860000.0,0.156841339156,0.13804,0.13804,6230000.0,6230000.0,https://www.sec.gov/Archives/edgar/data/932781/000155278114000396/0001552781-14-000396-index.htm,https://www.sec.gov/Archives/edgar/data/932781/000155278114000191/e00093_fcco-10k.htm
0,2013-12-31,FCCO,2014-03-21,2014-03-21 13:09:58,Q4,6650000.0,880000.0,5770000.0,0.8676691729323308,0.0,5850000.0,230000.0,508000.0,6730000.0,3111000.0,880000.0,229999.99999999994,1910000.0,0.0464726815993,800000.0,0.16684111367,0.0,800000.0,0.16684111367,-50000.0,850000.0,0.17793594306,0.15829,0.15829,5370000.0,5370000.0,https://www.sec.gov/Archives/edgar/data/932781/000155278114000191/0001552781-14-000191-index.htm,https://www.sec.gov/Archives/edgar/data/932781/000155278114000191/e00093_fcco-10k.htm
0,2013-09-30,FCCO,2013-11-08,2013-11-08 09:50:36,Q3,6510000.0,900000.0,5610000.0,0.8617511520737328,0.0,5090000.0,106000.0,395000.0,5990000.0,2980000.0,900000.0,240000.00000000003,2570000.0,0.139168490153,1430000.0,0.31181619256,0.0,1430000.0,0.31181619256,380000.0,1050000.0,0.228884026258,0.19663,0.19663,5340000.0,5340000.0,https://www.sec.gov/Archives/edgar/data/932781/000110465913082621/0001104659-13-082621-index.htm,https://www.sec.gov/Archives/edgar/data/932781/000110465913082621/a13-19692_110q.htm
0,2013-06-30,FCCO,2013-08-13,2013-08-13 11:04:22,Q2,6720000.0,950000.0,5770000.0,0.8586309523809523,0.0,5060000.0,112000.0,206000.0,6010000.0,3039000.0,950000.0,280000.0,2890000.0,0.159394076419,1660000.0,0.375989147637,0.0,1660000.0,0.375989147637,460000.0,1200000.0,0.27198733891,0.22514,0.22514,5330000.0,5330000.0,https://www.sec.gov/Archives/edgar/data/932781/000110465913063060/0001104659-13-063060-index.htm,https://www.sec.gov/Archives/edgar/data/932781/000110465913063060/a13-13836_110q.htm
0,2013-03-31,FCCO,2013-05-14,2013-05-14 08:52:30,Q1,6360000.0,1000000.0,5360000.0,0.8427672955974843,0.0,4960000.0,93000.0,112000.0,5960000.0,3043000.0,1000000.0,270000.0,2680000.0,0.162654825894,1410000.0,0.3283477448,0.0,1410000.0,0.3283477448,370000.0,1040000.0,0.242580042066,0.19549,0.19549,5320000.0,5320000.0,https://www.sec.gov/Archives/edgar/data/932781/000110465913041072/0001104659-13-041072-index.htm,https://www.sec.gov/Archives/edgar/data/932781/000104746913003549/a2213905z10-k.htm
0,2012-12-31,FCCO,2013-03-28,2013-03-28 11:59:33,Q4,6530000.0,1180000.0,5350000.0,0.8192955589586524,0.0,5180000.0,111000.0,1010000.0,6360000.0,3024000.0,1180000.0,270000.0,2790000.0,0.139089848308,1340000.0,0.312252042007,0.0,1340000.0,0.312252042007,320000.0,1020000.0,0.238273045508,0.19392,0.19392,5260000.0,5260000.0,https://www.sec.gov/Archives/edgar/data/932781/000104746913003549/0001047469-13-003549-index.htm,https://www.sec.gov/Archives/edgar/data/932781/000104746913003549/a2213905z10-k.htm
0,2012-09-30,FCCO,2012-11-13,2012-11-13 13:01:31,Q3,6730000.0,1320000.0,5410000.0,0.8038632986627043,0.0,4940000.0,73000.0,559000.0,6260000.0,2925000.0,1320000.0,270000.0,3380000.0,0.292908292908,1790000.0,0.414183414183,0.0,1790000.0,0.414183414183,570000.0,1220000.0,0.28182028182,0.25793,0.25793,4730000.0,4730000.0,https://www.sec.gov/Archives/edgar/data/932781/000110465912077233/0001104659-12-077233-index.htm,https://www.sec.gov/Archives/edgar/data/932781/000110465912077233/a12-20029_110q.htm
0,2012-06-30,FCCO,2012-08-10,2012-08-10 10:49:05,Q2,6310000.0,1390000.0,4920000.0,0.7797147385103012,0.0,4980000.0,108000.0,386000.0,6370000.0,2798000.0,1390000.0,269999.99999999994,2990000.0,0.196360368457,1330000.0,0.298135250506,0.0,1330000.0,0.298135250506,400000.0,930000.0,0.208492473601,0.27679,0.27679,3360000.0,3360000.0,https://www.sec.gov/Archives/edgar/data/932781/000110465912056831/0001104659-12-056831-index.htm,https://www.sec.gov/Archives/edgar/data/932781/000110465912056831/a12-13889_110q.htm
0,2012-03-31,FCCO,2012-05-11,2012-05-11 12:18:41,Q1,5970000.0,1540000.0,4430000.0,0.7420435510887772,0.0,4840000.0,186000.0,119000.0,6380000.0,2609000.0,1540000.0,250000.0,2920000.0,0.178310046574,1130000.0,0.250609891328,0.0,1130000.0,0.250609891328,330000.0,800000.0,0.177201153249,0.24024,0.24024,3330000.0,3330000.0,https://www.sec.gov/Archives/edgar/data/932781/000110465912036335/0001104659-12-036335-index.htm,https://www.sec.gov/Archives/edgar/data/932781/000104746912003361/a2208355z10-k.htm
0,2011-12-31,FCCO,2012-03-27,2012-03-27 12:03:30,Q4,6510000.0,1620000.0,4890000.0,0.7511520737327189,0.0,4950000.0,91000.0,840000.0,6570000.0,2569000.0,1620000.0,260000.0,3440000.0,0.262131715771,1570000.0,0.33903812825,0.0,1570000.0,0.33903812825,490000.0,1070000.0,0.232019064125,0.32326,0.32326,3310000.0,3310000.0,https://www.sec.gov/Archives/edgar/data/932781/000104746912003361/0001047469-12-003361-index.htm,https://www.sec.gov/Archives/edgar/data/932781/000104746912003361/a2208355z10-k.htm
0,2011-09-30,FCCO,2011-11-10,2011-11-10 10:16:35,Q3,6320000.0,1750000.0,4570000.0,0.7231012658227848,0.0,4920000.0,64000.0,638000.0,6670000.0,2649000.0,1750000.0,360000.0,3510000.0,0.277009507347,1400000.0,0.302074330164,0.0,1400000.0,0.302074330164,440000.0,960000.0,0.279170267934,0.29091,0.29091,3300000.0,3300000.0,https://www.sec.gov/Archives/edgar/data/932781/000110465911063026/0001104659-11-063026-index.htm,https://www.sec.gov/Archives/edgar/data/932781/000110465911063026/a11-25794_110q.htm
0,2011-06-30,FCCO,2011-08-08,2011-08-05 17:34:01,Q2,5840000.0,1850000.0,3990000.0,0.6832191780821918,0.0,4820000.0,126000.0,504000.0,6670000.0,297000.0,1850000.0,360000.0,3230000.0,0.621560839859,1020000.0,0.621853161163,0.0,1020000.0,0.621853161163,290000.0,730000.0,0.488574134631,0.22256,0.22256,3280000.0,3280000.0,https://www.sec.gov/Archives/edgar/data/932781/000110465911044351/0001104659-11-044351-index.htm,https://www.sec.gov/Archives/edgar/data/932781/000110465911044351/a11-14028_110q.htm
0,2011-03-31,FCCO,2011-05-13,2011-05-13 09:31:09,Q1,5880000.0,1990000.0,3890000.0,0.6615646258503401,0.0,5080000.0,171000.0,0.0,7070000.0,171000.0,1990000.0,380000.0,3170000.0,0.15745341614906833,800000.0,0.12391304347826088,0.0,800000.0,0.12391304347826088,230000.0,570000.0,0.08850931677018634,0.17431,0.17431,3270000.0,3270000.0,https://www.sec.gov/Archives/edgar/data/932781/000110465911028772/0001104659-11-028772-index.htm,https://www.sec.gov/Archives/edgar/data/932781/000104746911002791/a2202975z10-k.htm
0,2010-12-31,FCCO,2011-03-29,2011-03-29 11:15:27,Q4,5650000.0,2190000.0,3460000.0,0.6123893805309735,0.0,5160000.0,101000.0,823000.0,7350000.0,402000.0,2190000.0,360000.0,3040000.0,0.10586294796821112,490000.0,0.07362423151896837,0.0,490000.0,0.07362423151896837,90000.0,400000.0,0.05952916479232269,0.12232,0.12232,3270000.0,3270000.0,https://www.sec.gov/Archives/edgar/data/932781/000104746911002791/0001047469-11-002791-index.htm,https://www.sec.gov/Archives/edgar/data/932781/000104746911002791/a2202975z10-k.htm
0,2010-09-30,FCCO,2010-11-15,2010-11-15 12:31:38,Q3,5400000.0,2340000.0,3060000.0,0.5666666666666667,0.0,4880000.0,105000.0,536000.0,7220000.0,301000.0,2340000.0,380000.0,3240000.0,0.1083895570548548,530000.0,0.07714872396597243,0.0,530000.0,0.07714872396597243,130000.0,390000.0,0.0576415371076562,0.11963,0.11963,3260000.0,3260000.0,https://www.sec.gov/Archives/edgar/data/932781/000110465910058373/0001104659-10-058373-index.htm,https://www.sec.gov/Archives/edgar/data/932781/000110465910058373/a10-17491_110q.htm
0,2010-06-30,FCCO,2010-08-16,2010-08-16 10:17:06,Q2,5400000.0,2400000.0,3000000.0,0.5555555555555556,0.0,4780000.0,105000.0,293000.0,7180000.0,196000.0,2400000.0,370000.0,3380000.0,0.12141505313728344,610000.0,0.08865919347794439,0.0,610000.0,0.08865919347794439,130000.0,480000.0,0.06915125928082691,0.14815,0.14815,3240000.0,3240000.0,https://www.sec.gov/Archives/edgar/data/932781/000110465910044527/0001104659-10-044527-index.htm,https://www.sec.gov/Archives/edgar/data/932781/000110465910044527/a10-12847_110q.htm
0,2010-03-31,FCCO,2010-05-17,2010-05-17 10:10:23,Q1,5530000.0,2450000.0,3080000.0,0.5569620253164557,0.0,4740000.0,91000.0,0.0,7190000.0,91000.0,2450000.0,390000.0,3630000.0,0.14283717679944094,790000.0,0.11083158630328442,0.0,790000.0,0.11083158630328442,200000.0,590000.0,0.08232005590496157,0.1821,0.1821,3240000.0,3240000.0,https://www.sec.gov/Archives/edgar/data/932781/000110465910028892/0001104659-10-028892-index.htm,https://www.sec.gov/Archives/edgar/data/932781/000104746910002827/a2197470z10-k.htm
0,2009-12-31,FCCO,2010-03-29,2010-03-29 12:17:50,Q4,6080000.0,2920000.0,3160000.0,0.5197368421052632,0.0,5020000.0,82000.0,0.0,7940000.0,343000.0,2920000.0,390000.0,4380000.0,0.17069997397866252,1070000.0,0.1394743689825657,0.0,1070000.0,0.1394743689825657,200000.0,870000.0,0.11293260473588343,0.26606,0.26606,3270000.0,3270000.0,https://www.sec.gov/Archives/edgar/data/932781/000104746910002827/0001047469-10-002827-index.htm,https://www.sec.gov/Archives/edgar/data/932781/000104746910002827/a2197470z10-k.htm
0,2009-09-30,FCCO,2009-11-16,2009-11-16 08:15:34,Q3,5640000.0,3230000.0,2410000.0,0.42730496453900707,0.0,32590000,99000.0,0.0,35820000,261000.0,3230000.0,410000.0,-23310000,-3.460461498574021,-26940000,-3.4928701063002334,0.0,-26940000,-3.4928701063002334,140000.0,-27090000,-3.511148561057817,-8.30982,-8.30982,3260000.0,3260000.0,https://www.sec.gov/Archives/edgar/data/932781/000110465909065050/0001104659-09-065050-index.htm,https://www.sec.gov/Archives/edgar/data/932781/000110465909065050/a09-31087_110q.htm
0,2009-06-30,FCCO,2009-08-14,2009-08-14 10:44:28,Q2,5820000.0,3340000.0,2480000.0,0.4261168384879725,0.0,5370000.0,55000.0,0.0,8710000.0,162000.0,3340000.0,400000.0,4190000.0,0.09135995823544767,450000.0,0.059253458626990343,0.0,450000.0,0.059253458626990343,40000.0,410000.0,0.05403288958496476,0.12654,0.12654,3240000.0,3240000.0,https://www.sec.gov/Archives/edgar/data/932781/000110465909049734/0001104659-09-049734-index.htm,https://www.sec.gov/Archives/edgar/data/932781/000110465909049734/a09-18754_110q.htm
0,2009-03-31,FCCO,2009-05-15,2009-05-15 12:03:08,Q1,5360000.0,3610000.0,1750000.0,0.32649253731343286,0.0,4470000.0,107000.0,0.0,8080000.0,107000.0,3610000.0,410000.00000000006,4900000.0,0.14294734183609042,880000.0,0.11150397777497159,0.0,880000.0,0.11150397777497159,310000.0,570000.0,0.0722313423412047,0.17647,0.17647,3230000.0,3230000.0,https://www.sec.gov/Archives/edgar/data/932781/000110465909032832/0001104659-09-032832-index.htm,https://www.sec.gov/Archives/edgar/data/932781/000104746909003304/a2191919z10-k.htm
0,2008-12-31,FCCO,2009-03-27,2009-03-27 15:09:07,Q4,4520000.0,3960000.0,560000.0,0.12389380530973451,0.0,5650000.0,0.0,0.0,9610000.0,0.0,3960000.0,380000.0,3210000.0,0.0,-1130000.0,0.0,0.0,-1130000.0,0.0,-640000.0,-490000.0,0.0,-0.15313,-0.15313,3200000.0,3200000.0,https://www.sec.gov/Archives/edgar/data/932781/000104746909003304/0001047469-09-003304-index.htm,https://www.sec.gov/Archives/edgar/data/932781/000104746909003304/a2191919z10-k.htm
0,2008-09-30,FCCO,2008-11-12,2008-11-12 16:06:03,Q3,-2400000.0,3990000.0,-1590000.0,0.6625,0.0,4230000.0,94875.0,0.0,8220000.0,395461000,3990000.0,370000.0,-2280000.0,-0.7567296384158129,-6630000.0,-0.7869772017663261,0.0,-6630000.0,-0.7869772017663261,-2690000.0,-3950000.0,-0.4682563285243155,-1.23053,-1.23053,3210000.0,3210000.0,https://www.sec.gov/Archives/edgar/data/932781/000110465908070184/0001104659-08-070184-index.htm,https://www.sec.gov/Archives/edgar/data/932781/000110465908070184/a08-25749_110q.htm
0,2008-06-30,FCCO,2008-08-13,2008-08-13 10:58:11,Q2,-420000.0,4000000.0,-3580000.0,8.523809523809524,0.0,3990000.0,97620.0,0.0,7990000.0,300586000,4000000.0,380000.0,-20000.0,-0.4884786005389941,-4400000.0,-0.518993271060468,0.0,-4400000.0,-0.518993271060468,-920000.0,-3480000.0,-0.41045930009976483,-1.0875,-1.0875,3200000.0,3200000.0,https://www.sec.gov/Archives/edgar/data/932781/000110465908052478/0001104659-08-052478-index.htm,https://www.sec.gov/Archives/edgar/data/932781/000110465908052478/a08-19090_110q.htm
0,2008-03-31,FCCO,2008-05-13,2008-05-13 14:03:45,Q1,5410000.0,3870000.0,1540000.0,0.2846580406654344,0.0,3810000.0,202966.0,0.0,7680000.0,202966000,3870000.0,410000.00000000006,5880000.0,0.2385491845870184,1610000.0,0.20461115172094074,0.0,1610000.0,0.20461115172094074,480000.0,1120000.0,0.14302268447681799,0.34568,0.34568,3240000.0,3240000.0,https://www.sec.gov/Archives/edgar/data/932781/000110465908032756/0001104659-08-032756-index.htm,https://www.sec.gov/Archives/edgar/data/932781/000104746908003621/a2184217z10-k.htm
0,2007-12-31,FCCO,2008-03-28,2008-03-28 12:33:18,Q4,5420000.0,4120000.0,1300000.0,0.23985239852398524,0.0,3650000.0,0.0,0.0,7770000.0,0.0,4120000.0,480000.0,6370000.0,0.0,1770000.0,0.0,0.0,1770000.0,0.0,570000.0,1200000.0,0.0,0.36923,0.36923,3250000.0,3250000.0,https://www.sec.gov/Archives/edgar/data/932781/000104746908003621/0001047469-08-003621-index.htm,https://www.sec.gov/Archives/edgar/data/932781/000104746908003621/a2184217z10-k.htm
0,2007-09-30,FCCO,2007-11-14,2007-11-14 10:04:34,Q3,5270000.0,4090000.0,1180000.0,0.2239089184060721,0.0,3600000.0,201413.0,0.0,7690000.0,375643000,4090000.0,439999.9999999999,6200000.0,0.2245091117991767,1660000.0,0.18923712869187465,0.0,1660000.0,0.18923712869187465,520000.0,1150000.0,0.1313641018327089,0.35061,0.35061,3280000.0,3280000.0,https://www.sec.gov/Archives/edgar/data/932781/000110465907082790/0001104659-07-082790-index.htm,https://www.sec.gov/Archives/edgar/data/932781/000110465907082790/a07-29158_110q.htm
0,2007-06-30,FCCO,2007-08-13 00:00:00,2007-08-13 16:28:53,Q2,4900000.0,3770000.0,4900000.0,1.0,0.0,3620000.0,0.0,0.0,7390000.0,0.0,3770000.0,440000.00000000006,5480000.0,0.0,1280000.0,0.0,0.0,1280000.0,0.0,380000.0,890000.0,0.0,0.27052,0.27052,3290000.0,3290000.0,https://www.sec.gov/Archives/edgar/data/932781/000094270807000165/0000942708-07-000165-index.html,https://www.sec.gov/Archives/edgar/data/932781/000094270807000165/form10q-081307.htm
0,2007-03-31,FCCO,2007-05-11,2007-05-10 17:31:46,Q1,4720000.0,3690000.0,1030000.0,0.21822033898305085,0.0,3740000.0,174230.0,0.0,7430000.0,174230000,3690000.0,450000.00000000006,5110000.0,0.17210824998362648,980000.0,0.13404685377521489,0.0,980000.0,0.13404685377521489,250000.0,720000.0,0.09943033824283408,0.21687,0.21687,3320000.0,3320000.0,https://www.sec.gov/Archives/edgar/data/932781/000094270807000109/0000942708-07-000109-index.htm,https://www.sec.gov/Archives/edgar/data/932781/000091431707000862/form10-k.htm
0,2006-12-31,FCCO,2007-03-26,2007-03-26 11:51:28,Q4,4830000.0,3710000.0,1120000.0,0.2318840579710145,0.0,3630000.0,257782000,0.0,7340000.0,329173000,3710000.0,450000.00000000006,5360000.0,0.2129048568816935,1200000.0,0.17663085167677706,0.0,1200000.0,0.17663085167677706,340000.0,860000.0,0.12506671811542847,0.2622,0.2622,3280000.0,3280000.0,https://www.sec.gov/Archives/edgar/data/932781/000091431707000862/0000914317-07-000862-index.htm,https://www.sec.gov/Archives/edgar/data/932781/000091431707000862/form10-k.htm
0,2006-09-30,FCCO,,Not found...,Q3,4830000.0,3540000.0,4830000.0,1.0,0.0,3550000.0,0.0,0.0,7090000.0,0.0,3540000.0,449999.99999999994,5270000.0,0.0,1280000.0,0.0,0.0,1280000.0,0.0,380000.0,900000.0,0.0,0.26786,0.26786,3360000.0,3360000.0,,
0,2006-06-30,FCCO,,,Q2,4600000.0,3070000.0,4600000.0,1.0,0.0,3310000.0,0.0,0.0,6380000.0,0.0,3070000.0,360000.0,4710000.0,0.0,1290000.0,0.0,0.0,1290000.0,0.0,380000.0,900000.0,0.0,0.29221,0.29221,3080000.0,3080000.0,,
0,2006-03-31,FCCO,2006-05-12,2006-05-12 11:12:59,Q1,4480000.0,2610000.0,1870000.0,0.4174107142857143,0.0,3290000.0,71391.0,0.0,5900000.0,71391000,2610000.0,380000.0,4180000.0,0.23878422446828096,1190000.0,0.20040131264572764,0.0,1190000.0,0.20040131264572764,350000.0,840000.0,0.1408596269810243,0.28188,0.28188,2980000.0,2980000.0,https://www.sec.gov/Archives/edgar/data/932781/000094270806000153/0000942708-06-000153-index.htm,https://www.sec.gov/Archives/edgar/data/932781/000091431706000797/form10k-74793_fcc.htm
0,2005-12-31,FCCO,2006-03-15,2006-03-15 09:38:44,Q4,4510000.0,2440000.0,2070000.0,0.458980044345898,0.0,3380000.0,166317000,0.0,5820000.0,337481000,2440000.0,350000.00000000006,3910000.0,0.19133311674729306,1120000.0,0.23481920257767058,0.0,1120000.0,0.23481920257767058,270000.0,850000.0,0.1429095812620439,0.28428,0.28428,2990000.0,2990000.0,https://www.sec.gov/Archives/edgar/data/932781/000091431706000797/0000914317-06-000797-index.htm,https://www.sec.gov/Archives/edgar/data/932781/000091431706000797/form10k-74793_fcc.htm
0,2005-09-30,FCCO,,,Q3,3990000.0,2230000.0,3990000.0,1.0,0.0,2990000.0,0.0,0.0,5220000.0,0.0,2230000.0,390000.0,3610000.0,0.0,1000000.0,0.0,0.0,1000000.0,0.0,240000.0,750000.0,0.0,0.25253,0.25253,2970000.0,2970000.0,,
0,2005-06-30,FCCO,2005-08-15,2005-08-15 14:13:53,Q2,3890000.0,1980000.0,1910000.0,0.4910025706940874,0.0,2940000.0,171164.0,0.0,4920000.0,171164000,1980000.0,390000.0,3320000.0,0.12013057929724597,950000.0,0.14710836103197214,0.0,950000.0,0.14710836103197214,240000.0,710000.0,0.14710836103197214,0.23906,0.23906,2970000.0,2970000.0,https://www.sec.gov/Archives/edgar/data/932781/000110465905039519/0001104659-05-039519-index.htm,https://www.sec.gov/Archives/edgar/data/932781/000110465905013106/a05-2805_110ksba.htm
0,2005-03-31,FCCO,,,Q1,3910000.0,1690000.0,3910000.0,1.0,0.0,2860000.0,0.0,0.0,4550000.0,0.0,1690000.0,400000.0,3150000.0,0.0,1060000.0,0.0,0.0,1060000.0,0.0,280000.0,780000.0,0.0,0.26441,0.26441,2950000.0,2950000.0,,
0,2004-12-31,FCCO,2005-03-28,2005-03-28 17:06:11,Q4,3950000.0,1640000.0,2310000.0,0.5848101265822785,0.0,2850000.0,90329.0,0.0,4490000.0,325395000,1640000.0,380000.0,3130000.0,0.2646508230437964,1110000.0,0.21950694429549342,0.0,1110000.0,0.21950694429549342,270000.0,840000.0,0.16667897995158892,0.28283,0.28283,2970000.0,2970000.0,https://www.sec.gov/Archives/edgar/data/932781/000110465905013106/0001104659-05-013106-index.htm,https://www.sec.gov/Archives/edgar/data/932781/000110465905013106/a05-2805_110ksba.htm
0,2004-09-30,FCCO,2004-11-12,2004-11-12 12:31:12,Q3,2590000.0,680000.0,1910000.0,0.7374517374517374,0.0,1840000.0,54292.0,0.0,2520000.0,235066000,680000.0,220000.00000000006,1650000.0,0.3253069577319808,750000.0,0.2621896347451208,0.0,750000.0,0.2621896347451208,250000.0,500000.0,0.17305901005188556,0.29586,0.29586,1690000.0,1690000.0,https://www.sec.gov/Archives/edgar/data/932781/000110465904035444/0001104659-04-035444-index.htm,https://www.sec.gov/Archives/edgar/data/932781/000110465904035444/a04-13444_110qsb.htm
0,2004-06-30,FCCO,2004-08-13,2004-08-13 08:31:41,Q2,2430000.0,580000.0,1850000.0,0.7613168724279835,0.0,1770000.0,82448.0,0.0,2350000.0,180774000,580000.0,219999.99999999997,1460000.0,0.3255359861781865,660000.0,0.2552236252690865,0.0,660000.0,0.2552236252690865,230000.0,430000.0,0.16665054018551387,0.25595,0.25595,1680000.0,1680000.0,https://www.sec.gov/Archives/edgar/data/932781/000110465904024216/0001104659-04-024216-index.htm,https://www.sec.gov/Archives/edgar/data/932781/000110465904024216/a04-9397_110qsb.htm
0,2004-03-31,FCCO,2004-05-13,2004-05-13 08:38:54,Q1,2400000.0,550000.0,1850000.0,0.7708333333333334,0.0,1770000.0,98326.0,0.0,2320000.0,98326000,550000.0,220000.00000000003,1400000.0,0.3138615464733041,640000.0,0.24691356586392776,0.0,640000.0,0.24691356586392776,210000.0,420000.0,0.16382809092917872,0.25,0.25,1680000.0,1680000.0,https://www.sec.gov/Archives/edgar/data/932781/000110465904014161/0001104659-04-014161-index.htm,https://www.sec.gov/Archives/edgar/data/932781/000095014404003003/g87950e10ksb.htm
0,2003-12-31,FCCO,2004-03-25,2004-03-25 12:17:03,Q4,2310000.0,560000.0,1750000.0,0.7575757575757576,0.0,1640000.0,48423000,0.0,2200000.0,273257000,560000.0,210000.00000000003,1440000.0,0.33359106659322596,670000.0,0.2681560460635761,0.0,670000.0,0.2681560460635761,230000.0,440000.0,0.17497750148063773,0.26036,0.26036,1690000.0,1690000.0,https://www.sec.gov/Archives/edgar/data/932781/000095014404003003/0000950144-04-003003-index.htm,https://www.sec.gov/Archives/edgar/data/932781/000095014404003003/g87950e10ksb.htm
0,2003-09-30,FCCO,2003-11-13,2003-11-13 11:44:31,Q3,2310000.0,550000.0,1760000.0,0.7619047619047619,0.0,1630000.0,69770.0,0.0,2180000.0,224834000,550000.0,229999.99999999994,1470000.0,0.35219473174430055,690000.0,0.27824912980135214,0.0,690000.0,0.27824912980135214,240000.0,450000.0,0.18032668389662668,0.27439,0.27439,1640000.0,1640000.0,https://www.sec.gov/Archives/edgar/data/932781/000095014403012748/0000950144-03-012748-index.htm,https://www.sec.gov/Archives/edgar/data/932781/000095014403012748/g85764e10qsb.htm
0,2003-06-30,FCCO,2003-08-13,2003-08-13 09:13:43,Q2,2300000.0,620000.0,1680000.0,0.7304347826086957,0.0,1600000.0,78236.0,0.0,2220000.0,155064000,620000.0,190000.0,1520000.0,0.3402022610975862,710000.0,0.2803003629299398,0.0,710000.0,0.2803003629299398,250000.0,460000.0,0.18231364561794747,0.27711,0.27711,1660000.0,1660000.0,https://www.sec.gov/Archives/edgar/data/932781/000095014403009807/0000950144-03-009807-index.htm,https://www.sec.gov/Archives/edgar/data/932781/000095014403009807/g84356e10qsb.htm
0,2003-03-31,FCCO,2003-05-13,2003-05-13 15:51:57,Q1,2160000.0,660000.0,1500000.0,0.6944444444444444,0.0,1470000.0,76828.0,0.0,2130000.0,76828000,660000.0,180000.0,1530000.0,0.32776328156532003,690000.0,0.2751195190471466,0.0,690000.0,0.2751195190471466,240000.0,450000.0,0.17933694071879167,0.27273,0.27273,1650000.0,1650000.0,https://www.sec.gov/Archives/edgar/data/932781/000095014403006549/0000950144-03-006549-index.htm,https://www.sec.gov/Archives/edgar/data/932781/000095014403003492/g81340e10ksb.htm
0,2002-12-31,FCCO,2003-03-21,2003-03-21 11:27:44,Q4,2210000.0,700000.0,1510000.0,0.6832579185520362,0.0,1570000.0,64216000,0.0,2270000.0,244334000,700000.0,169999.99999999997,1510000.0,0.2989036303779236,640000.0,0.24957671904177123,0.0,640000.0,0.24957671904177123,210000.0,430000.0,0.16793385228836147,0.25749,0.25749,1670000.0,1670000.0,https://www.sec.gov/Archives/edgar/data/932781/000095014403003492/0000950144-03-003492-index.htm,https://www.sec.gov/Archives/edgar/data/932781/000095014403003492/g81340e10ksb.htm
0,2002-09-30,FCCO,2002-11-12,2002-11-12 09:59:20,Q3,2100000.0,690000.0,1410000.0,0.6714285714285714,0.0,1530000.0,66621.0,0.0,2220000.0,180118000,690000.0,190000.00000000003,1450000.0,0.28281131923755926,570000.0,0.229089466013844,0.0,570000.0,0.229089466013844,200000.0,370000.0,0.14992025071718348,0.22699,0.22699,1630000.0,1630000.0,https://www.sec.gov/Archives/edgar/data/932781/000095014402011429/0000950144-02-011429-index.htm,https://www.sec.gov/Archives/edgar/data/932781/000095014402011429/g79107e10qsb.htm
0,2002-06-30,FCCO,2002-08-13,2002-08-13 09:13:33,Q2,2120000.0,680000.0,1440000.0,0.6792452830188679,0.0,1590000.0,61060.0,0.0,2270000.0,113497000,680000.0,159999.99999999997,1370000.0,0.267172398010595,530000.0,0.21681020146273022,0.0,530000.0,0.21681020146273022,180000.0,350000.0,0.14159438661995138,0.21212,0.21212,1650000.0,1650000.0,https://www.sec.gov/Archives/edgar/data/932781/000095014402008334/0000950144-02-008334-index.htm,https://www.sec.gov/Archives/edgar/data/932781/000095014402008334/g77603e10qsb.htm
0,2002-03-31,FCCO,2002-05-14,2002-05-14 09:31:58,Q1,1860000.0,730000.0,1130000.0,0.6075268817204301,0.0,1380000.0,52437.0,0.0,2110000.0,52437000,730000.0,169999.99999999997,1380000.0,0.25568895475189,480000.0,0.20489563262135124,0.0,480000.0,0.20489563262135124,170000.0,310000.0,0.13368744203238314,0.18788,0.18788,1650000.0,1650000.0,https://www.sec.gov/Archives/edgar/data/932781/000095014402005279/0000950144-02-005279-index.htm,https://www.sec.gov/Archives/edgar/data/932781/000095014402005279/g76056e10qsb.htm
0,2001-12-31,FCCO,,,Q4,1850000.0,880000.0,1850000.0,1.0,0.0,1310000.0,0.0,0.0,2190000.0,0.0,880000.0,160000.0,1580000.0,0.0,540000.0,0.0,0.0,540000.0,0.0,180000.0,360000.0,0.0,0.21818,0.21818,1650000.0,1650000.0,,
0,2001-09-30,FCCO,,,Q3,1660000.0,1040000.0,1660000.0,1.0,0.0,1190000.0,0.0,0.0,2230000.0,0.0,1040000.0,169999.99999999997,1670000.0,0.0,460000.0,0.0,0.0,460000.0,0.0,160000.0,300000.0,0.0,0.18987,0.18987,1580000.0,1580000.0,,
0,2001-06-30,FCCO,,,Q2,1560000.0,1110000.0,1560000.0,1.0,0.0,1230000.0,0.0,0.0,2340000.0,0.0,1110000.0,170000.0,1610000.0,0.0,330000.0,0.0,0.0,330000.0,0.0,110000.0,220000.0,0.0,0.13924,0.13924,1580000.0,1580000.0,,
0,2001-03-31,FCCO,,,Q1,1400000.0,1060000.0,1400000.0,1.0,0.0,1060000.0,0.0,0.0,2120000.0,0.0,1060000.0,130000.0,1530000.0,0.0,340000.0,0.0,0.0,340000.0,0.0,120000.0,220000.0,0.0,0.13924,0.13924,1580000.0,1580000.0,,
0,2000-12-31,FCCO,,,Q4,1350000.0,950000.0,1350000.0,1.0,0.0,910000.0,0.0,0.0,1860000.0,0.0,950000.0,109999.99999999999,1490000.0,0.0,430000.0,0.0,0.0,430000.0,0.0,150000.0,280000.0,0.0,0.17284,0.17284,1620000.0,1620000.0,,
0,2000-09-30,FCCO,,,Q3,1260000.0,910000.0,1260000.0,1.0,0.0,840000.0,0.0,0.0,1750000.0,0.0,910000.0,110000.00000000001,1450000.0,0.0,420000.0,0.0,0.0,420000.0,0.0,150000.0,280000.0,0.0,0.1697,0.1697,1650000.0,1650000.0,,
0,2000-06-30,FCCO,,,Q2,1230000.0,790000.0,1230000.0,1.0,0.0,870000.0,0.0,0.0,1660000.0,0.0,790000.0,100000.0,1260000.0,0.0,360000.0,0.0,0.0,360000.0,0.0,130000.0,240000.0,0.0,0.14724,0.14724,1630000.0,1630000.0,,
0,2000-03-31,FCCO,,,Q1,1140000.0,700000.0,1140000.0,1.0,0.0,850000.0,0.0,0.0,1550000.0,0.0,700000.0,60000.0,1050000.0,0.0,280000.0,0.0,0.0,280000.0,0.0,100000.0,190000.0,0.0,0.11585,0.11585,1640000.0,1640000.0,,
0,1999-12-31,FCCO,,,Q4,1120000.0,670000.0,1120000.0,1.0,0.0,770000.0,0.0,0.0,1440000.0,0.0,670000.0,70000.0,1090000.0,0.0,350000.0,0.0,0.0,350000.0,0.0,120000.0,230000.0,0.0,0.12921,0.12921,1780000.0,1780000.0,,
0,1999-09-30,FCCO,,,Q3,1070000.0,680000.0,1070000.0,1.0,0.0,720000.0,0.0,0.0,1400000.0,0.0,680000.0,49999.99999999999,1070000.0,0.0,340000.0,0.0,0.0,340000.0,0.0,120000.0,220000.0,0.0,0.13924,0.13924,1580000.0,1580000.0,,
0,1999-06-30,FCCO,,,Q2,1010000.0,650000.0,1010000.0,1.0,0.0,720000.0,0.0,0.0,1370000.0,0.0,650000.0,60000.00000000001,1000000.0,0.0,290000.0,0.0,0.0,290000.0,0.0,100000.0,190000.0,0.0,0.12025,0.12025,1580000.0,1580000.0,,
0,1999-03-31,FCCO,,,Q1,950000.0,520000.0,950000.0,1.0,0.0,660000.0,0.0,0.0,1180000.0,0.0,520000.0,40000.0,840000.0,0.0,280000.0,0.0,0.0,280000.0,0.0,100000.0,180000.0,0.0,0.11392,0.11392,1580000.0,1580000.0,,
0,1998-12-31,FCCO,,,Q4,900000.0,510000.0,900000.0,1.0,0.0,570000.0,0.0,0.0,1080000.0,0.0,510000.0,30000.0,870000.0,0.0,330000.0,0.0,0.0,330000.0,0.0,60000.0,270000.0,0.0,0.16364,0.16364,1650000.0,1650000.0,,
0,1998-09-30,FCCO,,,Q3,860000.0,500000.0,860000.0,1.0,0.0,550000.0,0.0,0.0,1050000.0,0.0,500000.0,30000.0,840000.0,0.0,310000.0,0.0,0.0,310000.0,0.0,0.0,310000.0,0.0,0.2013,0.2013,1540000.0,1540000.0,,
0,1998-06-30,FCCO,,,Q2,720000.0,470000.0,720000.0,1.0,0.0,560000.0,0.0,0.0,1030000.0,0.0,470000.0,40000.00000000001,670000.0,0.0,160000.0,0.0,0.0,160000.0,0.0,0.0,160000.0,0.0,0.17021,0.17021,940000.0,940000.0,,
0,1998-03-31,FCCO,,,Q1,620000.0,440000.0,620000.0,1.0,0.0,510000.0,0.0,0.0,950000.0,0.0,440000.0,30000.0,590000.0,0.0,120000.0,0.0,0.0,120000.0,0.0,0.0,120000.0,0.0,0.12632,0.12632,950000.0,950000.0,,
0,1997-12-31,FCCO,,,Q4,620000.0,390000.0,620000.0,1.0,0.0,490000.0,0.0,0.0,880000.0,0.0,390000.0,40000.00000000001,570000.0,0.0,140000.0,0.0,0.0,140000.0,0.0,0.0,140000.0,0.0,0.14286,0.14286,980000.0,980000.0,,
0,1997-09-30,FCCO,,,Q3,550000.0,380000.0,550000.0,1.0,0.0,470000.0,0.0,0.0,850000.0,0.0,380000.0,30000.0,480000.0,0.0,70000.0,0.0,0.0,70000.0,0.0,0.0,70000.0,0.0,0.07692,0.07692,910000.0,910000.0,,
0,1997-06-30,FCCO,,,Q2,490000.0,350000.0,490000.0,1.0,0.0,460000.0,0.0,0.0,810000.0,0.0,350000.0,30000.000000000007,410000.0,0.0,30000.0,0.0,0.0,30000.0,0.0,0.0,30000.0,0.0,0.03333,0.03333,900000.0,900000.0,,
0,1997-03-31,FCCO,,,Q1,420000.0,280000.0,420000.0,1.0,0.0,410000.0,0.0,0.0,690000.0,0.0,280000.0,40000.0,340000.0,0.0,20000.0,0.0,0.0,20000.0,0.0,0.0,20000.0,0.0,0.02222,0.02222,900000.0,900000.0,,
0,1996-12-31,FCCO,,,Q4,390000.0,240000.0,390000.0,1.0,0.0,390000.0,0.0,0.0,630000.0,0.0,240000.0,40000.00000000001,280000.0,0.0,0.0,0.0,0.0,0.0,0.0,0.0,0.0,0.0,0.0,0.0,900000.0,900000.0,,
0,1996-09-30,FCCO,,,Q3,310000.0,200000.0,310000.0,1.0,0.0,350000.0,0.0,0.0,550000.0,0.0,200000.0,30000.0,190000.0,0.0,-40000.0,0.0,0.0,-40000.0,0.0,0.0,-40000.0,0.0,-0.04444,-0.04444,900000.0,900000.0,,
