,date,symbol,fillingDate,acceptedDate,period,revenue,costOfRevenue,grossProfit,grossProfitRatio,researchAndDevelopmentExpenses,generalAndAdministrativeExpenses,sellingAndMarketingExpenses,otherExpenses,operatingExpenses,costAndExpenses,interestExpense,depreciationAndAmortization,ebitda,ebitdaratio,operatingIncome,operatingIncomeRatio,totalOtherIncomeExpensesNet,incomeBeforeTax,incomeBeforeTaxRatio,incomeTaxExpense,netIncome,netIncomeRatio,eps,epsdiluted,weightedAverageShsOut,weightedAverageShsOutDil,link,finalLink
0,2020-05-31,MFD,,,Q1,3948240.0,953390.0,2994850.0,0.758528,0.0,183680.0,0.0,16750.0,200430.0000000001,1153820.0,-14239520,0.0,-25684630,-6.505337,2794420.0,0.707763,0.0,-11445110,-2.898788,0.0,-11445110,-2.898788,-1.33901,-1.33901,8547440.0,8547440.0,,
0,2019-11-30,MFD,,,Q4,4760700.0,1250350.0,3510350.0,0.73736,0.0,179940.0,0.0,12500.0,192439.99999999994,1442790.0,1016800.0,0.0,5351510.0,1.124101,3317910.0,0.696937,0.0,4334710.0,0.910519,0.0,4334710.0,0.910519,0.50714,0.50714,8547440.0,8547440.0,,
0,2019-05-31,MFD,,,Q3,5490990.0,1364030.0,4126960.0,0.751588,0.0,183870.0,0.0,21040.0,204909.99999999994,1568940.0,3308380.0,0.0,10538810,1.919291,3922050.0,0.71427,0.0,7230430.0,1.316781,0.0,7230430.0,1.316781,0.84592,0.84592,8547440.0,8547440.0,,
0,2018-11-30,MFD,,,Q2,5704360.0,1365980.0,4338380.0,0.760538,0.0,194560.0,0.0,18600.0,213160.00000000003,1579140.0,-6771360.0,0.0,-9417490.0,-1.650928,4125220.0,0.72317,0.0,-2646130.0,-0.463879,0.0,-2646130.0,-0.463879,-0.30958,-0.30958,8547440.0,8547440.0,,
0,2018-05-31,MFD,,,Q1,6833590.0,1350220.0,5483370.0,0.802414,0.0,180410.0,0.0,12730.0,193149.99999999994,1543370.0,-14287910,0.0,-23285600,-3.407521,5290220.0,0.774149,0.0,-8997690.0,-1.316686,0.0,-8997690.0,-1.316686,-1.05268,-1.05268,8547440.0,8547440.0,,
0,2017-11-30,MFD,,,Q4,5503450.0,1353240.0,4150210.0,0.754111,0.0,195340.0,0.0,20180.0,215510.0000000001,1568750.0,-2565590.0,0.0,-1196490.0,-0.217407,3934700.0,0.714952,0.0,1369100.0,0.248771,0.0,1369100.0,0.248771,0.16037,0.16037,8537270.0,8537270.0,,
0,2017-05-31,MFD,,,Q3,7530000.0,1260000.0,6280000.0,0.833997,0.0,180000.0,0.0,10000.0,189999.99999999994,1450000.0,8460000.0,0.0,23000000,3.054449,6080000.0,0.807437,0.0,14540000,1.930943,0.0,14540000,1.930943,1.70258,1.70258,8540000.0,8540000.0,,
0,2016-11-30,MFD,,,Q2,7070000.0,1160000.0,5910000.0,0.835926,0.0,180000.0,0.0,10000.0,200000.00000000017,1360000.0000000002,-9660000.0,0.0,-13600000,-1.923621,5720000.0,0.809052,0.0,-3940000.0,-0.557284,0.0,-3940000.0,-0.557284,-0.46136,-0.46136,8540000.0,8540000.0,,
0,2016-05-31,MFD,,,Q1,5220000.0,1100000.0,4120000.0,0.789272,0.0,190000.0,0.0,20000.0,209999.99999999997,1310000.0,3170000.0,0.0,10240000,1.961686,3900000.0,0.747126,0.0,7070000.0,1.354406,0.0,7070000.0,1.354406,0.82787,0.82787,8540000.0,8540000.0,,
0,2015-11-30,MFD,,,Q4,7440000.0,1130000.0,6320000.0,0.849462,0.0,200000.0,0.0,20000.0,220000.0000000002,1350000.0000000002,-27980000,0.0,-49860000,-6.701613,6090000.0,0.818548,0.0,-21880000,-2.94086,0.0,-21880000,-2.94086,-2.56206,-2.56206,8540000.0,8540000.0,,
0,2015-05-31,MFD,,,Q3,7680000.0,1260000.0,6410000.0,0.834635,0.0,170000.0,0.0,20000.0,189999.99999999994,1450000.0,-7830000.0,0.0,-9440000.0,-1.229167,6230000.0,0.811198,0.0,-1610000.0,-0.209635,0.0,-1610000.0,-0.209635,-0.18852,-0.18852,8540000.0,8540000.0,,
0,2014-11-30,MFD,,,Q2,7410000.0,1280000.0,6130000.0,0.82726,0.0,240000.0,0.0,20000.0,260000.0,1540000.0,-8250000.0,0.0,-10630000,-1.434548,5870000.0,0.792173,0.0,-2380000.0,-0.321188,0.0,-2380000.0,-0.321188,-0.27902,-0.27902,8530000.0,8530000.0,,
0,2014-05-31,MFD,,,Q1,6060000.0,1200000.0,4860000.0,0.80198,0.0,240000.0,0.0,20000.0,260000.0,1460000.0,18340000,0.0,41280000,6.811881,4600000.0,0.759076,0.0,22940000,3.785479,0.0,22940000,3.785479,2.68933,2.68933,8530000.0,8530000.0,,
0,2013-11-30,MFD,,,Q4,4530000.0,1210000.0,3320000.0,0.732892,0.0,240000.0,0.0,20000.0,260000.0,1470000.0,5850000.0,0.0,14760000,3.258278,3060000.0,0.675497,0.0,8910000.0,1.966887,0.0,8910000.0,1.966887,1.04455,1.04455,8530000.0,8530000.0,,
0,2013-05-31,MFD,,,Q3,9440000.0,1210000.0,8230000.0,0.871822,0.0,250000.0,0.0,10000.0,260000.0,1470000.0,1380000.0,0.0,10730000,1.136653,7970000.0,0.84428,0.0,9350000.0,0.990466,0.0,9350000.0,0.990466,1.09613,1.09613,8530000.0,8530000.0,,
0,2012-11-30,MFD,,,Q2,5670000.0,1200000.0,4470000.0,0.78836,0.0,280000.0,0.0,30000.0,300000.00000000006,1500000.0,14730000,0.0,33630000,5.931217,4160000.0,0.733686,0.0,18900000,3.333333,0.0,18900000,3.333333,2.21571,2.21571,8530000.0,8530000.0,,
0,2012-05-31,MFD,,,Q1,7150000.0,1240000.0,5910000.0,0.826573,0.0,220000.0,0.0,30000.0,250000.0,1490000.0,-5910000.0,0.0,-6170000.0,-0.862937,5650000.0,0.79021,0.0,-260000.0,-0.036364,0.0,-260000.0,-0.036364,-0.03048,-0.03048,8530000.0,8530000.0,,
0,2011-11-30,MFD,,,Q4,6830000.0,1210000.0,5620000.0,0.82284,0.0,290000.0,0.0,30000.0,320000.00000000006,1530000.0,-16820000,0.0,-28340000,-4.149341,5290000.0,0.774524,0.0,-11520000,-1.686676,0.0,-11520000,-1.686676,-1.42047,-1.42047,8110000.0,8110000.0,,
0,2011-05-31,MFD,,,Q3,9070000.0,1300000.0,7770000.0,0.85667,0.0,320000.0,0.0,40000.0,349999.9999999999,1649999.9999999998,14810000,0.0,37030000,4.08269,7410000.0,0.816979,0.0,22220000,2.449835,0.0,22220000,2.449835,2.47991,2.47991,8960000.0,8960000.0,,
0,2010-11-30,MFD,,,Q2,4360000.0,1260000.0,3100000.0,0.711009,0.0,250000.0,0.0,40000.0,290000.00000000006,1550000.0,22340000,0.0,47490000,10.892202,2810000.0,0.644495,0.0,25150000,5.768349,0.0,25150000,5.768349,2.76982,2.76982,9080000.0,9080000.0,,
0,2010-05-31,MFD,,,Q1,3720000.0,1280000.0,2430000.0,0.653226,0.0,280000.0,0.0,40000.0,320000.00000000006,1600000.0,-12680000,0.0,-23250000,-6.25,2110000.0,0.567204,0.0,-10570000,-2.841398,0.0,-10570000,-2.841398,-1.1641,-1.1641,9080000.0,9080000.0,,
0,2009-11-30,MFD,,,Q4,3890000.0,1220000.0,2670000.0,0.686375,0.0,330000.0,0.0,30000.0,360000.0000000001,1580000.0,19440000,0.0,41200000,10.59126,2320000.0,0.596401,0.0,21760000,5.59383,0.0,21760000,5.59383,2.39648,2.39648,9080000.0,9080000.0,,
0,2009-05-31,MFD,,,Q3,3390000.0,1250000.0,2150000.0,0.634218,0.0,270000.0,0.0,50000.0,320000.00000000006,1570000.0,8420000.0,0.0,18660000,5.504425,1820000.0,0.536873,0.0,10240000,3.020649,0.0,10240000,3.020649,1.12775,1.12775,9080000.0,9080000.0,,
0,2008-11-30,MFD,,,Q2,10530000,2780000.0,7750000.0,0.735992,0.0,320000.0,0.0,-80000.0,240000.0000000002,3020000.0,-104260000,0.0,-200680000,-19.05793,7510000.0,0.7132,330000.0,-96420000,-9.156695,0.0,-96420000,-9.156695,-10.58397,-10.58397,9110000.0,9110000.0,,
0,2008-05-31,MFD,,,Q1,8400000.0,3420000.0,4980000.0,0.592857,0.0,340000.0,0.0,150000.0,490000.0000000002,3910000.0,-15980000,0.0,-27470000,-3.270238,4490000.0,0.534524,0.0,-11490000,-1.367857,0.0,-11490000,-1.367857,-1.26961,-1.26961,9050000.0,9050000.0,,
