,date,symbol,fillingDate,acceptedDate,period,revenue,costOfRevenue,grossProfit,grossProfitRatio,researchAndDevelopmentExpenses,generalAndAdministrativeExpenses,sellingAndMarketingExpenses,otherExpenses,operatingExpenses,costAndExpenses,interestExpense,depreciationAndAmortization,ebitda,ebitdaratio,operatingIncome,operatingIncomeRatio,totalOtherIncomeExpensesNet,incomeBeforeTax,incomeBeforeTaxRatio,incomeTaxExpense,netIncome,netIncomeRatio,eps,epsdiluted,weightedAverageShsOut,weightedAverageShsOutDil,link,finalLink
0,2020-09-30,OMF,2020-10-29,2020-10-29 08:04:13,Q3,973000000,0.0,0.0,0.0,0.0,229000000,0.0,0.0,0.0,0.0,255000000,0.0,0.0,0.0,0.0,0.35046248715313466,0.0,341000000,0.35046248715313466,91000000,250000000,0.2569373072970195,1.86,1.86,134321929,134507549,https://www.sec.gov/Archives/edgar/data/1584207/000158420720000048/0001584207-20-000048-index.htm,https://www.sec.gov/Archives/edgar/data/1584207/000158420720000048/omf-20200930.htm
0,2020-06-30,OMF,2020-07-30,2020-07-30 08:23:04,Q2,954000000,0.0,0.0,0.0,0.0,274000000,0.0,0.0,0.0,0.0,271000000,0.0,0.0,0.0,0.0,0.12368972746331237,0.0,118000000,0.12368972746331237,29000000,89000000,0.09329140461215933,0.66,0.66,134316252,134379576,https://www.sec.gov/Archives/edgar/data/1584207/000158420720000034/0001584207-20-000034-index.htm,https://www.sec.gov/Archives/edgar/data/1584207/000158420720000034/omf-20200630.htm
0,2020-03-31,OMF,2020-04-29 00:00:00,2020-04-29 17:10:12,Q1,992000000,0.0,0.0,0.0,0.0,267000000,0.0,0.0,0.0,0.0,255000000,0.0,0.0,0.0,0.0,0.04334677419354839,0.0,43000000,0.04334677419354839,11000000,32000000,0.03225806451612903,0.24,0.24,135909100,136138677,https://www.sec.gov/Archives/edgar/data/1584207/000158420720000019/0001584207-20-000019-index.html,https://www.sec.gov/Archives/edgar/data/25598/000158420720000019/omf-20200331.htm
0,2019-12-31,OMF,2020-02-14 00:00:00,2020-02-14 08:06:10,Q4,1016000000,0.0,0.0,0.0,0.0,243000000,0.0,0.0,0.0,0.0,253000000,0.0,0.0,0.0,0.0,0.3375984251968504,0.0,343000000,0.3375984251968504,82000000,261000000,0.25688976377952755,1.917691,1.91,136101156,136500000,https://www.sec.gov/Archives/edgar/data/25598/000158420720000011/0001584207-20-000011-index.html,https://www.sec.gov/Archives/edgar/data/25598/000158420720000011/omf-20191231.htm
0,2019-09-30,OMF,2019-11-01 00:00:00,2019-11-01 08:07:18,Q3,979000000,0.0,0.0,0.0,0.0,252000000,0.0,0.0,0.0,0.0,244000000,0.0,0.0,0.0,0.0,0.30337078651685395,0.0,297000000,0.30337078651685395,49000000,248000000,0.2533197139938713,1.822247,1.82,136095674,136400000,https://www.sec.gov/Archives/edgar/data/1584207/000158420719000032/0001584207-19-000032-index.html,https://www.sec.gov/Archives/edgar/data/1584207/000158420719000032/omh-2019093010qdocument.htm
0,2019-06-30,OMF,2019-08-02,2019-08-02 07:49:15,Q2,930000000,0.0,0.0,0.0,0.0,254000000,0.0,0.0,0.0,0.0,238000000,0.0,0.0,0.0,0.0,0.2752688172043011,0.0,256000000,0.2752688172043011,62000000,194000000,0.2086021505376344,1.425533,1.42,136089417,136200000,https://www.sec.gov/Archives/edgar/data/1584207/000158420719000025/omh-2019063010qdocument.htm,https://www.sec.gov/Archives/edgar/data/1584207/000158420719000025/omh-2019063010qdocument.htm
0,2019-03-31,OMF,2019-05-03 00:00:00,2019-05-03 08:04:31,Q1,889000000,0.0,0.0,0.0,0.0,244000000,0.0,0.0,0.0,0.0,236000000,0.0,0.0,0.0,0.0,0.22722159730033745,0.0,202000000,0.22722159730033745,50000000,152000000,0.17097862767154107,1.11697,1.11,136082463,136200000,https://www.sec.gov/Archives/edgar/data/1584207/000158420719000016/0001584207-19-000016-index.html,https://www.sec.gov/Archives/edgar/data/1584207/000158420719000016/omh-20190331x10qdocument.htm
0,2018-12-31,OMF,2019-02-15 00:00:00,2019-02-15 07:45:28,Q4,883000000,0.0,0.0,0.0,0.0,254000000,0.0,0.0,0.0,0.0,228000000,0.0,0.0,0.0,0.0,0.24235560588901472,0.0,214000000,0.24235560588901472,46000000,168000000,0.19026047565118911,1.236819,1.236819,135832278,136200000,https://www.sec.gov/Archives/edgar/data/1584207/000158420719000005/0001584207-19-000005-index.html,https://www.sec.gov/Archives/edgar/data/1584207/000158420719000005/omh-20181231x10kdocument.htm
0,2018-09-30,OMF,2018-11-05 00:00:00,2018-11-05 06:54:19,Q3,850000000,0.0,0.0,0.0,0.0,245000000,0.0,0.0,0.0,0.0,227000000,0.0,0.0,0.0,0.0,0.23411764705882354,0.0,199000000,0.23411764705882354,51000000,148000000,0.17411764705882352,1.089903,1.089903,135791943,136100000,https://www.sec.gov/Archives/edgar/data/1584207/000158420718000033/0001584207-18-000033-index.html,https://www.sec.gov/Archives/edgar/data/1584207/000158420718000033/omh-20180930x10q3q18.htm
0,2018-06-30,OMF,2018-08-03 00:00:00,2018-08-03 07:12:25,Q2,832000000,0.0,0.0,0.0,0.0,357000000,0.0,0.0,0.0,0.0,220000000,0.0,0.0,0.0,0.0,0.051682692307692304,0.0,43000000,0.051682692307692304,36000000,7000000.0,0.008413461538461538,0.051554,0.05,135780755,136000000,https://www.sec.gov/Archives/edgar/data/1584207/000158420718000027/0001584207-18-000027-index.html,https://www.sec.gov/Archives/edgar/data/1584207/000158420718000027/omh-20180630x10q.htm
0,2018-03-31,OMF,2018-05-03 00:00:00,2018-05-03 16:47:47,Q1,799000000,0.0,0.0,0.0,0.0,239000000,0.0,0.0,0.0,0.0,200000000,0.0,0.0,0.0,0.0,0.21026282853566958,0.0,168000000,0.21026282853566958,44000000,124000000,0.15519399249061328,0.913804,0.91,135696512,135900000,https://www.sec.gov/Archives/edgar/data/1584207/000158420718000020/0001584207-18-000020-index.html,https://www.sec.gov/Archives/edgar/data/1584207/000158420718000020/omh-20180331x10q.htm
0,2017-12-31,OMF,2018-02-21 00:00:00,2018-02-21 06:09:36,Q4,799000000,0.0,0.0,0.0,0.0,240000000,0.0,0.0,0.0,0.0,204000000,0.0,0.0,0.0,0.0,0.23404255319148937,0.0,187000000,0.23404255319148937,148000000,39000000,0.04881101376720901,0.29,0.29,135274982,135917573,https://www.sec.gov/Archives/edgar/data/1584207/000158420718000009/0001584207-18-000009-index.html,https://www.sec.gov/Archives/edgar/data/1584207/000158420718000009/omh-20171231x10k.htm
0,2017-09-30,OMF,2017-11-07 00:00:00,2017-11-06 17:32:51,Q3,754000000,0.0,0.0,0.0,0.0,233000000,0.0,0.0,0.0,0.0,207000000,0.0,0.0,0.0,0.0,0.16047745358090185,0.0,121000000,0.16047745358090185,52000000,69000000,0.09151193633952255,0.52,0.51,135253493,135711212,https://www.sec.gov/Archives/edgar/data/1584207/000158420717000032/0001584207-17-000032-index.html,https://www.sec.gov/Archives/edgar/data/1584207/000158420717000032/omh-20170930x10q.htm
0,2017-06-30,OMF,2017-08-04 00:00:00,2017-08-04 15:11:12,Q2,717000000,0.0,0.0,0.0,0.0,237000000,0.0,0.0,0.0,0.0,203000000,0.0,0.0,0.0,0.0,0.09205020920502092,0.0,66000000,0.09205020920502092,24000000,42000000,0.058577405857740586,0.31,0.3,135249610,135513427,https://www.sec.gov/Archives/edgar/data/1584207/000158420717000026/0001584207-17-000026-index.html,https://www.sec.gov/Archives/edgar/data/1584207/000158420717000026/omh-20170630x10q.htm
0,2017-03-31,OMF,2017-05-05 00:00:00,2017-05-05 14:22:51,Q1,698000000,0.0,0.0,0.0,0.0,231000000,0.0,0.0,0.0,0.0,202000000,0.0,0.0,0.0,0.0,0.08166189111747851,0.0,57000000,0.08166189111747851,24000000,33000000,0.04727793696275072,0.25,0.25,135218586,135573167,https://www.sec.gov/Archives/edgar/data/1584207/000158420717000017/0001584207-17-000017-index.html,https://www.sec.gov/Archives/edgar/data/1584207/000158420717000017/omh-20170331x10q.htm
0,2016-12-31,OMF,2017-02-21 00:00:00,2017-02-21 17:06:47,Q4,715000000,0.0,0.0,0.0,0.0,230000000,0.0,0.0,0.0,0.0,201000000,0.0,0.0,0.0,0.0,0.04055944055944056,0.0,29000000,0.04055944055944056,2000000.0,27000000,0.03776223776223776,0.2,0.2,134760705,135562817,https://www.sec.gov/Archives/edgar/data/1584207/000158420717000008/0001584207-17-000008-index.html,https://www.sec.gov/Archives/edgar/data/1584207/000158420717000008/omh-20161231x10k.htm
0,2016-09-30,OMF,2016-11-08 00:00:00,2016-11-08 16:52:44,Q3,713000000,0.0,0.0,0.0,0.0,228000000,0.0,0.0,0.0,0.0,215000000,0.0,0.0,0.0,0.0,0.04628330995792426,0.0,33000000,0.04628330995792426,8000000.0,25000000,0.03506311360448808,0.19,0.19,134730251,134987134,https://www.sec.gov/Archives/edgar/data/1584207/000158420716000126/0001584207-16-000126-index.html,https://www.sec.gov/Archives/edgar/data/1584207/000158420716000126/omh-20160930x10q.htm
0,2016-06-30,OMF,2016-08-05,2016-08-05 12:59:20,Q2,705000000,0.0,0.0,0.0,0.0,238000000,0.0,0.0,0.0,0.0,214000000,0.0,0.0,0.0,0.0,0.059574468085106386,0.0,42000000,0.059574468085106386,16000000,26000000,0.03687943262411347,0.19,0.19,134728465,134952992,https://www.sec.gov/Archives/edgar/data/1584207/000158420716000108/omh-20160630x10q.htm,https://www.sec.gov/Archives/edgar/data/1584207/000158420716000108/omh-20160630x10q.htm
0,2016-03-31,OMF,2016-05-06 00:00:00,2016-05-06 15:35:30,Q1,732000000,0.0,0.0,0.0,0.0,259000000,0.0,0.0,0.0,0.0,226000000,0.0,0.0,0.0,0.0,0.3756830601092896,0.0,275000000,0.3756830601092896,96000000,153000000,0.20901639344262296,1.02,1.01,134694759,134907748,https://www.sec.gov/Archives/edgar/data/1584207/000158420716000083/0001584207-16-000083-index.html,https://www.sec.gov/Archives/edgar/data/1584207/000158420716000083/omh-20160331x10q.htm
0,2015-12-31,OMF,2016-02-29 00:00:00,2016-02-29 09:29:39,Q4,572000000,0.0,0.0,0.0,0.0,223000000,0.0,0.0,0.0,0.0,215000000,0.0,0.0,0.0,0.0,-0.5944055944055944,0.0,-340000000,-0.5944055944055944,-148000000,-219000000,-0.38286713286713286,-1.63,-1.63,134465781,134465781,https://www.sec.gov/Archives/edgar/data/1584207/000158420716000065/0001584207-16-000065-index.html,https://www.sec.gov/Archives/edgar/data/1584207/000158420716000065/omh-20151231x10k.htm
0,2015-09-30,OMF,2015-11-09 00:00:00,2015-11-09 16:21:35,Q3,308000000,0.0,0.0,0.0,0.0,117000000,0.0,0.0,0.0,0.0,171000000,0.0,0.0,0.0,0.0,0.07142857142857142,0.0,22000000,0.07142857142857142,2000000.0,-11000000,-0.03571428571428571,-0.08,-0.08,134452763,134452763,https://www.sec.gov/Archives/edgar/data/1584207/000158420715000046/0001584207-15-000046-index.html,https://www.sec.gov/Archives/edgar/data/1584207/000158420715000046/shi-20150930x10q.htm
0,2015-06-30,OMF,2015-08-06 00:00:00,2015-08-06 08:12:35,Q2,298000000,0.0,0.0,0.0,0.0,132000000,0.0,0.0,0.0,0.0,171000000,0.0,0.0,0.0,0.0,0.03691275167785235,0.0,11000000,0.03691275167785235,-8000000.0,-12000000,-0.040268456375838924,-0.09,-0.09,127411208,127411208,https://www.sec.gov/Archives/edgar/data/1584207/000158420715000037/0001584207-15-000037-index.html,https://www.sec.gov/Archives/edgar/data/1584207/000158420715000037/shi-20150630x10q.htm
0,2015-03-31,OMF,2015-05-08 00:00:00,2015-05-08 10:10:24,Q1,299000000,0.0,0.0,0.0,0.0,109000000,0.0,0.0,0.0,0.0,158000000,0.0,0.0,0.0,0.0,0.12709030100334448,0.0,38000000,0.12709030100334448,7000000.0,0.0,0.0,0.0,0.0,115027470,115027470,https://www.sec.gov/Archives/edgar/data/1584207/000158420715000026/0001584207-15-000026-index.html,https://www.sec.gov/Archives/edgar/data/1584207/000158420715000026/shi-20150331x10q.htm
0,2014-12-31,OMF,2015-03-16,2015-03-16 14:51:44,Q4,289281000,0.0,0.0,0.0,0.0,99772000,0.0,0.0,0.0,0.0,157159000,0.0,0.0,0.0,0.0,-0.13171622056063137,0.0,-38103000,-0.13171622056063137,-12548000,-46827000,-0.1618737490536883,-0.41,-0.41,114799490,114799490,https://www.sec.gov/Archives/edgar/data/1584207/000158420715000013/shi-20141231x10k.htm,https://www.sec.gov/Archives/edgar/data/1584207/000158420715000013/shi-20141231x10k.htm
0,2014-09-30,OMF,2014-11-14 00:00:00,2014-11-14 16:20:46,Q3,987596000,0.0,0.0,0.0,0.0,114843000,0.0,1352000.0,0.0,0.0,180142000,0.0,0.0,0.0,0.0,0.7047588285088234,0.0,696017000,0.7047588285088234,234322000,426750000,0.43210989108906883,3.72,3.7,114788439,115316314,https://www.sec.gov/Archives/edgar/data/1584207/000158420714000037/0001584207-14-000037-index.html,https://www.sec.gov/Archives/edgar/data/1584207/000158420714000037/shi-20140930x10q.htm
0,2014-06-30,OMF,2014-08-11 00:00:00,2014-08-11 17:20:41,Q2,432310000,0.0,0.0,0.0,0.0,109950000,0.0,482000.0,0.0,0.0,191301000,0.0,0.0,0.0,0.0,0.34103305498369224,0.0,147432000,0.34103305498369224,44754000,72389000,0.16744697092364275,0.63,0.63,114788439,115176021,https://www.sec.gov/Archives/edgar/data/1584207/000110465914059441/0001104659-14-059441-index.html,https://www.sec.gov/Archives/edgar/data/1584207/000110465914059441/a14-14186_110q.htm
0,2014-03-31,OMF,2014-04-15 00:00:00,2014-04-15 06:16:30,Q1,452103000,0.0,0.0,0.0,0.0,110884000,0.0,-16867000,0.0,0.0,205420000,0.0,0.0,0.0,0.0,0.21930843192812258,0.0,99150000,0.21930843192812258,30518000,52324000,0.11573468877667258,0.46,0.45,114788439,115144858,https://www.sec.gov/Archives/edgar/data/1584207/000110465914027655/0001104659-14-027655-index.html,https://www.sec.gov/Archives/edgar/data/1584207/000110465914027655/a14-3050_110k.htm
0,2013-12-31,OMF,2014-04-15,2014-04-15 06:16:30,Q4,399664000,0.0,0.0,0.0,0.0,109307000,0.0,0.0,0.0,0.0,222384000,0.0,0.0,0.0,0.0,0.10388226109932343,0.0,41518000,0.10388226109932343,-14287000,26561000,0.06645832499299412,0.12,0.12,111573561,111722546,https://www.sec.gov/Archives/edgar/data/1584207/000110465914027655/a14-3050_110k.htm,https://www.sec.gov/Archives/edgar/data/1584207/000110465914027655/a14-3050_110k.htm
