,date,symbol,fillingDate,acceptedDate,period,revenue,costOfRevenue,grossProfit,grossProfitRatio,researchAndDevelopmentExpenses,generalAndAdministrativeExpenses,sellingAndMarketingExpenses,otherExpenses,operatingExpenses,costAndExpenses,interestExpense,depreciationAndAmortization,ebitda,ebitdaratio,operatingIncome,operatingIncomeRatio,totalOtherIncomeExpensesNet,incomeBeforeTax,incomeBeforeTaxRatio,incomeTaxExpense,netIncome,netIncomeRatio,eps,epsdiluted,weightedAverageShsOut,weightedAverageShsOutDil,link,finalLink
0,2019-09-30,DNBF,2019-11-01 00:00:00,2019-11-01 11:48:08,Q3,70000.0,0.0,70000.0,1.0,0.0,3602000.0,0.0,0.0,3602000.0,3602000.0,3042000.0,507000.0,4132000.0,59.0285714286,3625000.0,51.7857142857,1470000.0,3625000.0,51.7857142857,755000.0,2870000.0,41.0,0.66193,0.66193,4331026.0,4335792.0,https://www.sec.gov/Archives/edgar/data/713671/000071367119000077/0000713671-19-000077-index.html,https://www.sec.gov/Archives/edgar/data/713671/000071367119000077/dnbf-20190930x10q.htm
0,2019-06-30,DNBF,2019-08-05,2019-08-05 11:17:16,Q2,72000.0,0.0,72000.0,1.0,0.0,3785000.0,0.0,0.0,3785000.0,3785000.0,3004000.0,150000.0,3397000.0,47.1805555556,3247000.0,45.0972222222,1302000.0,3247000.0,45.0972222222,660000.0,2587000.0,35.9305555556,0.59702,0.59702,4329226.0,4333181.0,https://www.sec.gov/Archives/edgar/data/713671/000071367119000059/0000713671-19-000059-index.htm,https://www.sec.gov/Archives/edgar/data/713671/000071367119000059/dnbf-20190630x10q.htm
0,2019-03-31,DNBF,2019-05-06 00:00:00,2019-05-06 15:37:33,Q1,74000.0,0.0,74000.0,1.0,0.0,3853000.0,195000.0,812000.0,3853000.0,3853000.0,2962000.0,916000.0,4110000.0,55.5405405405,3194000.0,43.1621621622,0.0,3194000.0,43.1621621622,607000.0,2587000.0,34.9594594595,0.59746,0.59746,4327226.0,4329991.0,https://www.sec.gov/Archives/edgar/data/713671/000071367119000043/0000713671-19-000043-index.html,https://www.sec.gov/Archives/edgar/data/713671/000071367119000043/dnbf-20190331x10q.htm
0,2018-12-31,DNBF,2019-03-14 00:00:00,2019-03-14 11:46:52,Q4,-27003000,0.0,27003000,-1.0,0.0,3810000.0,0.0,0.0,3810000.0,3810000.0,2780000.0,355000.0,4000000.0,-0.148131689072,3645000.0,-0.134985001666,0.0,3645000.0,-0.134985001666,643000.0,3002000.0,-0.111172832648,0.69566,0.69566,4303410.0,4315324.0,https://www.sec.gov/Archives/edgar/data/713671/000071367119000029/0000713671-19-000029-index.html,https://www.sec.gov/Archives/edgar/data/713671/000071367119000029/dnbf-20181231x10k.htm
0,2018-09-30,DNBF,2018-11-05 00:00:00,2018-11-05 15:43:37,Q3,9151000.0,0.0,9151000.0,1.0,0.0,3709000.0,0.0,0.0,3709000.0,3709000.0,2484000.0,383000.0,4032000.0,0.440607583871,3649000.0,0.39875423451,-1116000.0,3649000.0,0.39875423451,629000.0,3020000.0,0.330018577205,0.70011,0.70011,4298987.0,4313638.0,https://www.sec.gov/Archives/edgar/data/713671/000071367118000089/0000713671-18-000089-index.html,https://www.sec.gov/Archives/edgar/data/713671/000071367118000089/dnbf-20180930x10q.htm
0,2018-06-30,DNBF,2018-08-06 00:00:00,2018-08-06 11:38:47,Q2,9068000.0,0.0,9068000.0,1.0,0.0,4261000.0,0.0,0.0,4261000.0,4261000.0,2221000.0,377000.0,2862000.0,0.315615350684,2485000.0,0.274040582267,-987000.0,2485000.0,0.274040582267,436000.0,2049000.0,0.225959417733,0.47522,0.47522,4294758.0,4311696.0,https://www.sec.gov/Archives/edgar/data/713671/000071367118000072/0000713671-18-000072-index.html,https://www.sec.gov/Archives/edgar/data/713671/000071367118000072/dnbf-20180630x10q.htm
0,2018-03-31,DNBF,2018-05-08 00:00:00,2018-05-08 13:22:21,Q1,9027000.0,0.0,9027000.0,1.0,0.0,3772000.0,182000.0,652000.0,3772000.0,3772000.0,1886000.0,384000.0,3579000.0,0.396477234962,3195000.0,0.353938185444,0.0,3195000.0,0.353938185444,582000.0,2613000.0,0.289464938518,0.60643,0.60643,4290971.0,4308847.0,https://www.sec.gov/Archives/edgar/data/713671/000071367118000055/0000713671-18-000055-index.html,https://www.sec.gov/Archives/edgar/data/713671/000071367118000055/dnbf-20180331x10q.htm
0,2017-12-31,DNBF,2018-03-15 00:00:00,2018-03-15 14:32:48,Q4,9648000.0,0.0,9648000.0,1.0,0.0,3913000.0,0.0,0.0,3913000.0,3913000.0,1593000.0,396000.0,3886000.0,0.402777777778,3490000.0,0.361733001658,0.0,3490000.0,0.361733001658,2682000.0,808000.0,0.0837479270315,0.18834,0.18834,4260137.0,4290070.0,https://www.sec.gov/Archives/edgar/data/713671/000071367118000038/0000713671-18-000038-index.html,https://www.sec.gov/Archives/edgar/data/713671/000071367118000038/dnbf-20171231x10k.htm
0,2017-09-30,DNBF,2017-11-13 00:00:00,2017-11-13 11:39:43,Q3,9506000.0,0.0,9506000.0,1.0,0.0,3926000.0,0.0,0.0,3926000.0,3926000.0,1483000.0,407000.0,3819000.0,0.401746265517,3412000.0,0.358931201347,264000.0,3412000.0,0.358931201347,1001000.0,2411000.0,0.253629286766,0.5623,0.5623,4255520.0,4287745.0,https://www.sec.gov/Archives/edgar/data/713671/000071367117000074/0000713671-17-000074-index.html,https://www.sec.gov/Archives/edgar/data/713671/000071367117000074/dnbf-20170930x10q.htm
0,2017-06-30,DNBF,2017-08-11 00:00:00,2017-08-11 11:08:43,Q2,9279000.0,0.0,9279000.0,1.0,0.0,3724000.0,0.0,0.0,3724000.0,3724000.0,1382000.0,419000.0,3451000.0,0.371915077056,3032000.0,0.326759349068,154000.0,3032000.0,0.326759349068,746000.0,2286000.0,0.246362754607,0.53369,0.53369,4252207.0,4283424.0,https://www.sec.gov/Archives/edgar/data/713671/000071367117000057/0000713671-17-000057-index.html,https://www.sec.gov/Archives/edgar/data/713671/000071367117000057/c671-20170630x10q.htm
0,2017-03-31,DNBF,2017-05-15 00:00:00,2017-05-15 12:35:03,Q1,9232000.0,0.0,9232000.0,1.0,0.0,3641000.0,0.0,0.0,3641000.0,3641000.0,1262000.0,427000.0,3895000.0,0.421902079723,3468000.0,0.375649913345,100000.0,3468000.0,0.375649913345,1027000.0,2441000.0,0.264406412478,0.5711,0.5711,4246593.0,4274209.0,https://www.sec.gov/Archives/edgar/data/713671/000071367117000033/0000713671-17-000033-index.html,https://www.sec.gov/Archives/edgar/data/713671/000071367117000033/c671-20170331x10q.htm
0,2016-12-31,DNBF,2017-03-27 00:00:00,2017-03-27 16:18:26,Q4,9411000.0,0.0,9411000.0,1.0,0.0,3663000.0,0.0,0.0,3663000.0,3663000.0,1206000.0,444000.0,3687000.0,0.391775581766,3243000.0,0.344596748486,0.0,3243000.0,0.344596748486,930000.0,2313000.0,0.245776219318,0.71857,0.71857,3186079.0,3218884.0,https://www.sec.gov/Archives/edgar/data/713671/000071367117000017/0000713671-17-000017-index.html,https://www.sec.gov/Archives/edgar/data/713671/000071367117000017/dnbf-20161231x10k.htm
0,2016-09-30,DNBF,2016-11-07 00:00:00,2016-11-07 10:54:06,Q3,5517000.0,0.0,5517000.0,1.0,0.0,2817000.0,111000.0,509000.0,2817000.0,2817000.0,760000.0,435000.0,517000.0,0.0937103498278,82000.0,0.0148631502628,0.0,82000.0,0.0148631502628,81000.0,1000.0,0.000181257930034,0.00035,0.00035,2844780.0,2879240.0,https://www.sec.gov/Archives/edgar/data/713671/000071367116000154/0000713671-16-000154-index.html,https://www.sec.gov/Archives/edgar/data/713671/000071367116000154/c671-20160930x10q.htm
0,2016-06-30,DNBF,2016-08-12,2016-08-12 11:38:48,Q2,5472000.0,0.0,5472000.0,1.0,0.0,2693000.0,166000.0,472000.0,2693000.0,2693000.0,708000.0,382000.0,1869000.0,0.341557017544,1487000.0,0.271747076023,0.0,1487000.0,0.271747076023,378000.0,1109000.0,0.202668128655,0.3856,0.3856,2840677.0,2876016.0,https://www.sec.gov/Archives/edgar/data/713671/000071367116000128/0000713671-16-000128-index.htm,https://www.sec.gov/Archives/edgar/data/713671/000071367116000128/dnbf-20160630x10q.htm
0,2016-03-31,DNBF,2016-05-16 00:00:00,2016-05-16 15:35:39,Q1,5455000.0,0.0,5455000.0,1.0,0.0,3126000.0,183000.0,409000.0,3126000.0,3126000.0,650000.0,361000.0,2397000.0,0.439413382218,2036000.0,0.373235563703,0.0,2036000.0,0.373235563703,480000.0,1556000.0,0.285242896425,0.54233,0.54233,2832521.0,2869119.0,https://www.sec.gov/Archives/edgar/data/713671/000071367116000112/0000713671-16-000112-index.html,https://www.sec.gov/Archives/edgar/data/713671/000071367116000112/c671-20160331x10q.htm
0,2015-12-31,DNBF,2016-03-23 00:00:00,2016-03-23 14:47:45,Q4,5473000.0,0.0,5473000.0,1.0,0.0,2654000.0,631000.0,1865000.0,2654000.0,2654000.0,717000.0,421000.0,2181000.0,0.398501735794,1760000.0,0.321578658871,-426000.0,1760000.0,0.321578658871,378000.0,1382000.0,0.252512333272,0.48534,0.48534,2801881.0,2847488.0,https://www.sec.gov/Archives/edgar/data/713671/000071367116000097/0000713671-16-000097-index.html,https://www.sec.gov/Archives/edgar/data/713671/000071367116000097/c671-20151231x10k.htm
0,2015-09-30,DNBF,2015-11-09 00:00:00,2015-11-09 11:55:41,Q3,5450000.0,0.0,5450000.0,1.0,0.0,2615000.0,0.0,0.0,2615000.0,2615000.0,711000.0,454000.0,2082000.0,0.382018348624,1628000.0,0.29871559633,426000.0,1628000.0,0.29871559633,359000.0,1269000.0,0.232844036697,0.44615,0.44615,2798360.0,2844319.0,https://www.sec.gov/Archives/edgar/data/713671/000071367115000061/0000713671-15-000061-index.html,https://www.sec.gov/Archives/edgar/data/713671/000071367115000061/c671-20150930x10q.htm
0,2015-06-30,DNBF,2015-08-10 00:00:00,2015-08-10 12:12:01,Q2,5453000.0,0.0,5453000.0,1.0,0.0,2638000.0,0.0,0.0,2638000.0,2638000.0,678000.0,471000.0,2123000.0,0.389326975977,1652000.0,0.302952503209,-75000.0,1652000.0,0.302952503209,417000.0,1235000.0,0.226480836237,0.4348,0.4348,2794283.0,2840380.0,https://www.sec.gov/Archives/edgar/data/713671/000071367115000051/0000713671-15-000051-index.html,https://www.sec.gov/Archives/edgar/data/713671/000071367115000051/c671-20150630x10q.htm
0,2015-03-31,DNBF,2015-05-11 00:00:00,2015-05-11 15:46:09,Q1,5390000.0,0.0,5390000.0,1.0,0.0,2644000.0,169000.0,373000.0,2644000.0,2644000.0,606000.0,460000.0,2061000.0,0.382374768089,1601000.0,0.297031539889,0.0,1601000.0,0.297031539889,349000.0,1252000.0,0.232282003711,0.44195,0.44195,2786012.0,2832869.0,https://www.sec.gov/Archives/edgar/data/713671/000071367115000040/0000713671-15-000040-index.html,https://www.sec.gov/Archives/edgar/data/713671/000071367115000040/c671-20150331x10q.htm
0,2014-12-31,DNBF,2015-03-23,2015-03-23 12:27:56,Q4,5451000.0,0.0,5451000.0,1.0,0.0,2592000.0,0.0,0.0,2592000.0,2592000.0,561000.0,432000.0,2449000.0,0.449275362319,2017000.0,0.370023848835,1190000.0,2017000.0,0.370023848835,566000.0,1451000.0,0.266189689965,0.51587,0.51587,2766723.0,2812726.0,https://www.sec.gov/Archives/edgar/data/713671/000071367115000030/0000713671-15-000030-index.htm,https://www.sec.gov/Archives/edgar/data/713671/000071367115000030/c671-20141231x10k.htm
0,2014-09-30,DNBF,2014-11-10 00:00:00,2014-11-10 13:38:40,Q3,5361000.0,0.0,5361000.0,1.0,0.0,2431000.0,149000.0,447000.0,2431000.0,2431000.0,544000.0,454000.0,2110000.0,0.3935832867,1656000.0,0.308897593733,0.0,1656000.0,0.308897593733,427000.0,1229000.0,0.229248274576,0.43741,0.43741,2763597.0,2809691.0,https://www.sec.gov/Archives/edgar/data/713671/000071367114000059/0000713671-14-000059-index.html,https://www.sec.gov/Archives/edgar/data/713671/000071367114000059/dnbf-20140930x10q.htm
0,2014-06-30,DNBF,2014-08-11 00:00:00,2014-08-11 13:25:57,Q2,5296000.0,0.0,5296000.0,1.0,0.0,2472000.0,196000.0,443000.0,2472000.0,2472000.0,581000.0,454000.0,1935000.0,0.365370090634,1481000.0,0.279645015106,0.0,1481000.0,0.279645015106,361000.0,1120000.0,0.211480362538,0.39912,0.39912,2760658.0,2806164.0,https://www.sec.gov/Archives/edgar/data/713671/000071367114000044/0000713671-14-000044-index.html,https://www.sec.gov/Archives/edgar/data/713671/000071367114000044/dnbf-20140630x10q.htm
0,2014-03-31,DNBF,2014-05-12 00:00:00,2014-05-12 12:48:03,Q1,5177000.0,0.0,5177000.0,1.0,0.0,2503000.0,155000.0,384000.0,2503000.0,2503000.0,625000.0,462000.0,1789000.0,0.345566930655,1327000.0,0.256326057562,0.0,1327000.0,0.256326057562,323000.0,1004000.0,0.193934711223,0.35827,0.35827,2758135.0,2802362.0,https://www.sec.gov/Archives/edgar/data/713671/000071367114000032/0000713671-14-000032-index.html,https://www.sec.gov/Archives/edgar/data/713671/000071367114000032/c671-20140331x10q.htm
0,2013-12-31,DNBF,2014-03-21,2014-03-21 10:25:00,Q4,5154000.0,0.0,5154000.0,1.0,0.0,2417000.0,172000.0,458000.0,2417000.0,2417000.0,674000.0,494000.0,2051000.0,0.397943344975,1557000.0,0.302095459837,0.0,1557000.0,0.302095459837,396000.0,1161000.0,0.22526193248,0.41751,0.41751,2742417.0,2780752.0,https://www.sec.gov/Archives/edgar/data/713671/000071367114000024/0000713671-14-000024-index.htm,https://www.sec.gov/Archives/edgar/data/713671/000071367114000024/dnbf-20131231x10k.htm
0,2013-09-30,DNBF,2013-11-12 00:00:00,2013-11-12 11:45:59,Q3,5028000.0,0.0,5028000.0,1.0,0.0,2405000.0,143000.0,469000.0,2405000.0,2405000.0,695000.0,499000.0,796000.0,0.15831344471,297000.0,0.0590692124105,0.0,297000.0,0.0590692124105,-36000.0,333000.0,0.0662291169451,0.12001,0.12001,2738629.0,2774754.0,https://www.sec.gov/Archives/edgar/data/713671/000071367113000028/0000713671-13-000028-index.html,https://www.sec.gov/Archives/edgar/data/713671/000071367113000028/dnbf-20130930x10q.htm
0,2013-06-30,DNBF,2013-08-09 00:00:00,2013-08-09 11:01:49,Q2,5168000.0,0.0,5168000.0,1.0,0.0,2251000.0,167000.0,366000.0,2251000.0,2251000.0,719000.0,550000.0,2230000.0,0.431501547988,1680000.0,0.325077399381,0.0,1680000.0,0.325077399381,430000.0,1250000.0,0.241873065015,0.45161,0.45161,2733051.0,2767847.0,https://www.sec.gov/Archives/edgar/data/713671/000071367113000019/0000713671-13-000019-index.html,https://www.sec.gov/Archives/edgar/data/713671/000071367113000019/dnbf-20130630x10q.htm
0,2013-03-31,DNBF,2013-05-10 00:00:00,2013-05-10 15:57:23,Q1,4974000.0,0.0,4974000.0,1.0,0.0,2364000.0,160000.0,355000.0,2364000.0,2364000.0,800000.0,560000.0,2165000.0,0.435263369522,1605000.0,0.322677925211,0.0,1605000.0,0.322677925211,430000.0,1175000.0,0.236228387616,0.42546,0.42546,2725111.0,2761712.0,https://www.sec.gov/Archives/edgar/data/713671/000095015913000310/0000950159-13-000310-index.html,https://www.sec.gov/Archives/edgar/data/713671/000095015913000310/dnb10q20130331.htm
0,2012-12-31,DNBF,2013-03-20 00:00:00,2013-03-20 16:31:34,Q4,5320000.0,0.0,5320000.0,1.0,0.0,2254000.0,152000.0,604000.0,2254000.0,2254000.0,876000.0,523000.0,2361000.0,0.443796992481,1838000.0,0.345488721805,0.0,1838000.0,0.345488721805,517000.0,1321000.0,0.248308270677,0.48212,0.48212,2710819.0,2739954.0,https://www.sec.gov/Archives/edgar/data/713671/000104746913003128/0001047469-13-003128-index.html,https://www.sec.gov/Archives/edgar/data/713671/000104746913003128/a2213631z10-k.htm
0,2012-09-30,DNBF,2012-11-09 00:00:00,2012-11-09 14:02:47,Q3,5705000.0,0.0,5705000.0,1.0,0.0,2268000.0,117000.0,371000.0,2268000.0,2268000.0,921000.0,506000.0,2476000.0,0.434005258545,1970000.0,0.345311130587,0.0,1970000.0,0.345311130587,554000.0,1416000.0,0.248203330412,0.51764,0.51764,2708006.0,2735471.0,https://www.sec.gov/Archives/edgar/data/713671/000095015912000611/0000950159-12-000611-index.html,https://www.sec.gov/Archives/edgar/data/713671/000095015912000611/dnb093012form10q.htm
0,2012-06-30,DNBF,2012-08-10 00:00:00,2012-08-10 17:03:33,Q2,5581000.0,0.0,5581000.0,1.0,0.0,2174000.0,137000.0,492000.0,2174000.0,2174000.0,967000.0,404000.0,2393000.0,0.428776204981,1989000.0,0.356387744132,0.0,1989000.0,0.356387744132,589000.0,1400000.0,0.250851101953,0.51267,0.51267,2704816.0,2730800.0,https://www.sec.gov/Archives/edgar/data/713671/000095015912000462/0000950159-12-000462-index.html,https://www.sec.gov/Archives/edgar/data/713671/000095015912000462/dnb10q.htm
0,2012-03-31,DNBF,2012-05-11,2012-05-11 13:26:32,Q1,5368000.0,0.0,5368000.0,1.0,0.0,2313000.0,178000.0,367000.0,2313000.0,2313000.0,991000.0,552000.0,2100000.0,0.391207153502,1548000.0,0.288375558867,0.0,1548000.0,0.288375558867,446000.0,1102000.0,0.205290611028,0.4043,0.4043,2701860.0,2725682.0,https://www.sec.gov/Archives/edgar/data/713671/000095015912000330/0000950159-12-000330-index.htm,https://www.sec.gov/Archives/edgar/data/713671/000095015912000330/dnb10q.htm
0,2011-12-31,DNBF,2012-03-22 00:00:00,2012-03-22 13:34:25,Q4,5405000.0,0.0,5405000.0,1.0,0.0,2272000.0,147000.0,-88000.0,2272000.0,2272000.0,1032000.0,682000.0,2499000.0,0.462349676226,1817000.0,0.336170212766,0.0,1817000.0,0.336170212766,513000.0,1304000.0,0.241258094357,0.48382,0.48382,2674716.0,2695207.0,https://www.sec.gov/Archives/edgar/data/713671/000104746912003102/0001047469-12-003102-index.html,https://www.sec.gov/Archives/edgar/data/713671/000104746912003102/a2208232z10-k.htm
0,2011-09-30,DNBF,2011-11-10 00:00:00,2011-11-10 09:16:20,Q3,5523000.0,0.0,5523000.0,1.0,0.0,2159000.0,488000.0,1671000.0,2159000.0,2159000.0,1128000.0,556000.0,2395000.0,0.433641137063,1839000.0,0.332971211298,0.0,1839000.0,0.332971211298,544000.0,1295000.0,0.234474017744,0.4807,0.4807,2670811.0,2693974.0,https://www.sec.gov/Archives/edgar/data/713671/000095015911000707/0000950159-11-000707-index.html,https://www.sec.gov/Archives/edgar/data/713671/000095015911000707/dnb10q.htm
0,2011-06-30,DNBF,2011-08-12 00:00:00,2011-08-12 13:19:59,Q2,1000.0,12900000,-12899000,-12899.0,0.0,4345000.0,191000.0,564000.0,191000.0,191000.0,2484000.0,-121602000,-119750000,0.695535230588,1852000.0,0.50291304582,0.0,1852000.0,0.512258869821,1009000.0,1288000.0,0.238234558006,0.47831,0.47831,2667394.0,2692813.0,https://www.sec.gov/Archives/edgar/data/713671/000095015911000525/0000950159-11-000525-index.html,https://www.sec.gov/Archives/edgar/data/713671/000095015911000525/dnbjune2011.htm
0,2011-03-31,DNBF,2011-05-11 00:00:00,2011-05-11 14:20:21,Q1,1000.0,0.0,1000.0,1.0,0.0,0.0,156000.0,513000.0,156000.0,156000.0,-1273000.0,638000.0,2098000.0,2098.0,1460000.0,1460.0,0.0,1460000.0,1460.0,445000.0,1015000.0,1015.0,0.37621,0.37621,2664348.0,2697985.0,https://www.sec.gov/Archives/edgar/data/713671/000095015911000332/0000950159-11-000332-index.html,https://www.sec.gov/Archives/edgar/data/713671/000095015911000332/dnb10q.htm
0,2010-12-31,DNBF,2011-03-22,2011-03-22 15:43:51,Q4,0.0,0.0,0.0,0.0,0.0,0.0,533000.0,1516000.0,533000.0,533000.0,-7062000.0,835000.0,6134000.0,0.0,5299000.0,0.0,0.0,5299000.0,0.0,1629000.0,3670000.0,0.0,1.39164,1.39164,2635549.0,2637174.0,https://www.sec.gov/Archives/edgar/data/713671/000104746911002465/0001047469-11-002465-index.htm,https://www.sec.gov/Archives/edgar/data/713671/000104746911002465/a2202810z10-k.htm
0,2010-09-30,DNBF,2010-11-12 00:00:00,2010-11-12 15:06:14,Q3,0.0,0.0,0.0,0.0,0.0,0.0,378000.0,1611000.0,378000.0,378000.0,-5588000.0,803000.0,4572000.0,0.0,3769000.0,0.0,0.0,3769000.0,0.0,1154000.0,2615000.0,0.0,0.9939,0.9939,2630813.0,2631049.0,https://www.sec.gov/Archives/edgar/data/713671/000095015910000946/0000950159-10-000946-index.html,https://www.sec.gov/Archives/edgar/data/713671/000095015910000946/dnb10q.htm
0,2010-06-30,DNBF,2010-08-13 00:00:00,2010-08-13 11:18:42,Q2,0.0,0.0,0.0,0.0,0.0,0.0,281000.0,1022000.0,281000.0,281000.0,-4018000.0,1048000.0,3354000.0,0.0,2306000.0,0.0,0.0,2306000.0,0.0,684000.0,1622000.0,0.0,0.61764,0.61764,2626100.0,2626116.0,https://www.sec.gov/Archives/edgar/data/713671/000095015910000767/0000950159-10-000767-index.html,https://www.sec.gov/Archives/edgar/data/713671/000095015910000767/dnb10q.htm
0,2010-03-31,DNBF,2010-05-14 00:00:00,2010-05-14 14:44:04,Q1,0.0,0.0,0.0,0.0,0.0,0.0,104000.0,502000.0,104000.0,104000.0,-2246000.0,688000.0,1634000.0,0.0,946000.0,0.0,0.0,946000.0,0.0,271000.0,675000.0,0.0,0.2576,0.2576,2620314.0,2620314.0,https://www.sec.gov/Archives/edgar/data/713671/000095015910000427/0000950159-10-000427-index.html,https://www.sec.gov/Archives/edgar/data/713671/000095015910000427/dnb10q.htm
0,2009-12-31,DNBF,2010-03-26 00:00:00,2010-03-26 12:10:46,Q4,0.0,0.0,0.0,0.0,0.0,0.0,446000.0,2242000.0,446000.0,446000.0,-10629000,770000.0,2681000.0,0.0,1911000.0,0.0,0.0,1911000.0,0.0,362000.0,1549000.0,0.0,0.59426,0.59426,2606596.0,2606596.0,https://www.sec.gov/Archives/edgar/data/713671/000104746910002759/0001047469-10-002759-index.html,https://www.sec.gov/Archives/edgar/data/713671/000104746910002759/a2197556z10-k.htm
0,2009-09-30,DNBF,2009-11-13 00:00:00,2009-11-13 15:26:16,Q3,0.0,0.0,0.0,0.0,0.0,0.0,268000.0,1706000.0,268000.0,268000.0,-8015000.0,833000.0,2130000.0,0.0,1297000.0,0.0,0.0,1297000.0,0.0,222000.0,1075000.0,0.0,0.41279,0.41279,2604242.0,2604242.0,https://www.sec.gov/Archives/edgar/data/713671/000095015909002056/0000950159-09-002056-index.html,https://www.sec.gov/Archives/edgar/data/713671/000095015909002056/dnb10q.htm
0,2009-06-30,DNBF,2009-08-14 00:00:00,2009-08-14 14:40:47,Q2,0.0,0.0,0.0,0.0,0.0,0.0,176000.0,1159000.0,176000.0,176000.0,-5242000.0,668000.0,1147000.0,0.0,479000.0,0.0,0.0,479000.0,0.0,39000.0,440000.0,0.0,0.16903,0.16903,2603131.0,2603131.0,https://www.sec.gov/Archives/edgar/data/713671/000095015909001837/0000950159-09-001837-index.html,https://www.sec.gov/Archives/edgar/data/713671/000095015909001837/dnb10q.htm
0,2009-03-31,DNBF,2009-05-15 00:00:00,2009-05-15 16:18:20,Q1,0.0,0.0,0.0,0.0,0.0,0.0,70000.0,676000.0,70000.0,70000.0,-2617000.0,430000.0,999000.0,0.0,569000.0,0.0,0.0,569000.0,0.0,89000.0,480000.0,0.0,0.1844,0.1844,2603006.0,2603006.0,https://www.sec.gov/Archives/edgar/data/713671/000095015909001336/0000950159-09-001336-index.html,https://www.sec.gov/Archives/edgar/data/713671/000095015909001336/dnb10q.htm
0,2008-12-31,DNBF,2009-03-31 00:00:00,2009-03-31 16:32:16,Q4,0.0,0.0,0.0,0.0,0.0,0.0,509000.0,2514000.0,509000.0,509000.0,-13048000,317000.0,1190000.0,0.0,873000.0,0.0,0.0,873000.0,0.0,64000.0,809000.0,0.0,0.31049,0.31049,2602902.0,2605565.0,https://www.sec.gov/Archives/edgar/data/713671/000104746909003533/0001047469-09-003533-index.html,https://www.sec.gov/Archives/edgar/data/713671/000104746909003533/a2192009z10-k.htm
0,2008-09-30,DNBF,2008-11-14 00:00:00,2008-11-14 16:17:53,Q3,0.0,0.0,0.0,0.0,0.0,0.0,395000.0,1739000.0,395000.0,395000.0,-9962000.0,315000.0,1494000.0,0.0,1179000.0,0.0,0.0,1179000.0,0.0,140000.0,1039000.0,0.0,0.39885,0.39885,2601638.0,2604993.0,https://www.sec.gov/Archives/edgar/data/713671/000095015908001736/0000950159-08-001736-index.html,https://www.sec.gov/Archives/edgar/data/713671/000095015908001736/dnb10q.htm
0,2008-06-30,DNBF,2008-08-14 00:00:00,2008-08-14 14:06:20,Q2,0.0,0.0,0.0,0.0,0.0,0.0,272000.0,1115000.0,272000.0,272000.0,-6758000.0,336000.0,1381000.0,0.0,1045000.0,0.0,0.0,1045000.0,0.0,205000.0,840000.0,0.0,0.3228,0.3228,2598397.0,2602201.0,https://www.sec.gov/Archives/edgar/data/713671/000095015908001211/0000950159-08-001211-index.html,https://www.sec.gov/Archives/edgar/data/713671/000095015908001211/dnb10q.htm
0,2008-03-31,DNBF,2008-05-15 00:00:00,2008-05-15 14:07:26,Q1,0.0,0.0,0.0,0.0,0.0,0.0,83000.0,566000.0,83000.0,83000.0,-3709000.0,353000.0,862000.0,0.0,509000.0,0.0,0.0,509000.0,0.0,100000.0,409000.0,0.0,0.15727,0.15727,2596501.0,2600575.0,https://www.sec.gov/Archives/edgar/data/713671/000095015908000881/0000950159-08-000881-index.html,https://www.sec.gov/Archives/edgar/data/713671/000095015908000881/dnb10q.htm
0,2007-12-31,DNBF,2008-03-28,2008-03-28 14:29:30,Q4,0.0,0.0,0.0,0.0,0.0,0.0,375000.0,2302000.0,375000.0,375000.0,-15417000,439000.0,2613000.0,0.0,2174000.0,0.0,0.0,2174000.0,0.0,372000.0,1802000.0,0.0,0.6862,0.6862,2614417.0,2626066.0,https://www.sec.gov/Archives/edgar/data/713671/000104746908003638/0001047469-08-003638-index.htm,https://www.sec.gov/Archives/edgar/data/713671/000104746908003638/a2184015z10-k.htm
0,2007-09-30,DNBF,2007-11-14 00:00:00,2007-11-14 15:41:28,Q3,0.0,0.0,0.0,0.0,0.0,0.0,303000.0,1715000.0,303000.0,303000.0,-11258000,345000.0,2001000.0,0.0,1656000.0,0.0,0.0,1656000.0,0.0,269000.0,1387000.0,0.0,0.55318,0.55318,2493910.0,2507302.0,https://www.sec.gov/Archives/edgar/data/713671/000095015907001440/0000950159-07-001440-index.html,https://www.sec.gov/Archives/edgar/data/713671/000095015907001440/dnb10q.htm
0,2007-06-30,DNBF,2007-08-14 00:00:00,2007-08-14 15:41:08,Q2,0.0,0.0,0.0,0.0,0.0,0.0,218000.0,1113000.0,218000.0,218000.0,-7414000.0,307000.0,1368000.0,0.0,1061000.0,0.0,0.0,1061000.0,0.0,148000.0,913000.0,0.0,0.36297,0.36297,2500121.0,2515384.0,https://www.sec.gov/Archives/edgar/data/713671/000095015907001048/0000950159-07-001048-index.html,https://www.sec.gov/Archives/edgar/data/713671/000095015907001048/dnb10q.htm
0,2007-03-31,DNBF,2007-04-27 00:00:00,2007-04-27 16:43:52,Q1,0.0,0.0,0.0,0.0,0.0,0.0,79000.0,569000.0,79000.0,79000.0,-3700000.0,296000.0,905000.0,0.0,609000.0,0.0,0.0,609000.0,0.0,74000.0,535000.0,0.0,0.21249,0.21249,2502601.0,2517783.0,https://www.sec.gov/Archives/edgar/data/713671/000095015907000576/0000950159-07-000576-index.html,https://www.sec.gov/Archives/edgar/data/713671/000095015907000576/dnb10k.htm
0,2006-12-31,DNBF,2007-04-27,2007-04-27 16:43:52,Q4,0.0,0.0,0.0,0.0,0.0,0.0,494000.0,2243000.0,494000.0,494000.0,-13368000,297000.0,2085000.0,0.0,1788000.0,0.0,0.0,1788000.0,0.0,41000.0,1747000.0,0.0,0.69387,0.69387,2500173.0,2517769.0,https://www.sec.gov/Archives/edgar/data/713671/000095015907000576/0000950159-07-000576-index.htm,https://www.sec.gov/Archives/edgar/data/713671/000095015907000576/dnb10k.htm
0,2006-09-30,DNBF,2006-11-14,2006-11-14 15:51:04,Q3,13000.0,0.0,13000.0,1.0,0.0,0.0,365000.0,1665000.0,365000.0,365000.0,-9677000.0,291000.0,1797000.0,138.23076923076923,1506000.0,115.84615384615384,0.0,1506000.0,115.84615384615384,139000.0,1367000.0,105.15384615384616,0.57073,0.57073,2378125.0,2395197.0,https://www.sec.gov/Archives/edgar/data/713671/000095015906001575/0000950159-06-001575-index.htm,https://www.sec.gov/Archives/edgar/data/713671/000095015906001575/dnb10q.htm
0,2006-06-30,DNBF,2006-08-14,2006-08-14 16:11:33,Q2,13000.0,0.0,13000.0,1.0,0.0,0.0,169000.0,583000.0,169000.0,169000.0,-3222000.0,269000.0,820000.0,63.07692307692308,551000.0,42.38461538461539,0.0,551000.0,42.38461538461539,65000.0,486000.0,37.38461538461539,0.20319,0.20319,2374483.0,2391854.0,https://www.sec.gov/Archives/edgar/data/713671/000095015906001161/0000950159-06-001161-index.htm,https://www.sec.gov/Archives/edgar/data/713671/000095015906001161/dnb10q.htm
0,2006-03-31,DNBF,2006-05-10,2006-05-10 12:14:01,Q1,0.0,0.0,0.0,0.0,0.0,0.0,114000.0,519000.0,114000.0,114000.0,-2899000.0,329000.0,849000.0,0.0,520000.0,0.0,0.0,520000.0,0.0,56000.0,464000.0,0.0,0.1942,0.1942,2372940.0,2389336.0,https://www.sec.gov/Archives/edgar/data/713671/000095015906000708/0000950159-06-000708-index.htm,https://www.sec.gov/Archives/edgar/data/713671/000095015906000708/dnb3-06q.htm
0,2005-12-31,DNBF,2006-03-23,2006-03-23 15:40:26,Q4,0.0,0.0,0.0,0.0,0.0,0.0,519000.0,2093000.0,519000.0,519000.0,-9313000.0,317000.0,2376000.0,0.0,2059000.0,0.0,0.0,2059000.0,0.0,-89000.0,2148000.0,0.0,1.01527,1.01527,2115693.0,2115693.0,https://www.sec.gov/Archives/edgar/data/713671/000095015906000449/0000950159-06-000449-index.htm,https://www.sec.gov/Archives/edgar/data/713671/000095015906000449/dnb10k.htm
0,2005-09-30,DNBF,2005-11-14,2005-11-14 11:45:53,Q3,0.0,0.0,0.0,0.0,0.0,0.0,371000.0,0.0,371000.0,371000.0,-6623000.0,340000.0,1618000.0,0.0,1278000.0,0.0,0.0,1278000.0,0.0,-25000.0,1303000.0,0.0,0.65926,0.65926,1976465.0,1976465.0,https://www.sec.gov/Archives/edgar/data/713671/000095015905001308/0000950159-05-001308-index.htm,https://www.sec.gov/Archives/edgar/data/713671/000095015905001308/dnb10q.htm
0,2005-06-30,DNBF,2005-08-15,2005-08-15 16:35:33,Q2,0.0,0.0,0.0,0.0,0.0,0.0,294000.0,0.0,294000.0,294000.0,-4137000.0,314000.0,891000.0,0.0,577000.0,0.0,0.0,577000.0,0.0,-139000.0,716000.0,0.0,0.36274,0.36274,1973851.0,1973851.0,https://www.sec.gov/Archives/edgar/data/713671/000095015905000964/0000950159-05-000964-index.htm,https://www.sec.gov/Archives/edgar/data/713671/000095015905000964/dnb10q.htm
0,2005-03-31,DNBF,2005-05-11,2005-05-11 17:12:07,Q1,0.0,0.0,0.0,0.0,0.0,0.0,144000.0,0.0,144000.0,144000.0,-1882000.0,344000.0,269000.0,0.0,-75000.0,0.0,0.0,-75000.0,0.0,-154000.0,79000.0,0.0,0.04007,0.04007,1971510.0,1971510.0,https://www.sec.gov/Archives/edgar/data/713671/000095015905000578/0000950159-05-000578-index.htm,https://www.sec.gov/Archives/edgar/data/713671/000095015905000578/dnb10q.htm
0,2004-12-31,DNBF,2005-03-10,2005-03-10 16:26:03,Q4,0.0,0.0,0.0,0.0,0.0,0.0,638000.0,0.0,638000.0,638000.0,-6833000.0,371000.0,1173000.0,0.0,802000.0,0.0,0.0,802000.0,0.0,504000.0,298000.0,0.0,0.15048,0.15048,1980325.0,1980325.0,https://www.sec.gov/Archives/edgar/data/713671/000095015905000292/0000950159-05-000292-index.htm,https://www.sec.gov/Archives/edgar/data/713671/000095015905000292/dnb200410k.htm
0,2004-09-30,DNBF,2004-11-15,2004-11-15 15:11:28,Q3,0.0,0.0,0.0,0.0,0.0,0.0,494000.0,0.0,494000.0,494000.0,-5044000.0,343000.0,2945000.0,0.0,2602000.0,0.0,0.0,2602000.0,0.0,500000.0,2102000.0,0.0,1.09313,1.09313,1890531.0,1922920.0,https://www.sec.gov/Archives/edgar/data/713671/000089322004002490/0000893220-04-002490-index.htm,https://www.sec.gov/Archives/edgar/data/713671/000089322004002490/w68705e10vq.htm
