,date,symbol,fillingDate,acceptedDate,period,revenue,costOfRevenue,grossProfit,grossProfitRatio,researchAndDevelopmentExpenses,generalAndAdministrativeExpenses,sellingAndMarketingExpenses,otherExpenses,operatingExpenses,costAndExpenses,interestExpense,depreciationAndAmortization,ebitda,ebitdaratio,operatingIncome,operatingIncomeRatio,totalOtherIncomeExpensesNet,incomeBeforeTax,incomeBeforeTaxRatio,incomeTaxExpense,netIncome,netIncomeRatio,eps,epsdiluted,weightedAverageShsOut,weightedAverageShsOutDil,link,finalLink
0,2019-12-31,TIBR,2020-02-10 00:00:00,2020-02-07 21:16:29,Q4,0.0,0.0,0.0,0.0,0.0,-1361167000,0.0,0.0,-1361167000,-1361167000,0.0,0.0,-1361167000,0.0,-1361167000,0.0,3949872000,2588705000,0.0,-651500000,1937205000,0.0,341.86777,341.86777,5666533.0,5666533.0,https://www.sec.gov/Archives/edgar/data/1662253/000121390020002984/0001213900-20-002984-index.html,https://www.sec.gov/Archives/edgar/data/1662253/000121390020002984/f10k2019_tiberiusacquisition.htm
0,2019-09-30,TIBR,2019-11-12 00:00:00,2019-11-12 15:01:39,Q3,0.0,0.0,0.0,0.0,0.0,333526.0,0.0,0.0,333526.0,333526.0,0.0,0.0,-739053000,0.0,-739053000,0.0,3063096000,568455.0,0.0,162000.0,406455.0,0.0,0.07183,0.07183,5658379.0,5658379.0,https://www.sec.gov/Archives/edgar/data/1662253/000114036119020303/0001140361-19-020303-index.html,https://www.sec.gov/Archives/edgar/data/1662253/000114036119020303/form10q.htm
0,2019-06-30,TIBR,2019-07-30,2019-07-30 17:01:29,Q2,0.0,0.0,0.0,0.0,0.0,205330.0,0.0,0.0,205330.0,205330.0,0.0,0.0,-405527000,0.0,-405527000,0.0,2161115000,940648.0,0.0,178000.0,762648.0,0.0,0.1349,0.1349,5658379.0,5653614.0,https://www.sec.gov/Archives/edgar/data/1662253/000114036119013758/0001140361-19-013758-index.htm,https://www.sec.gov/Archives/edgar/data/1662253/000114036119013758/form10q.htm
0,2019-03-31,TIBR,2019-05-02 00:00:00,2019-05-02 17:21:29,Q1,0.0,0.0,0.0,0.0,0.0,200197.0,0.0,0.0,200197.0,200197.0,0.0,0.0,-200197000,0.0,-200197000,0.0,1015137000,814940.0,0.0,172000.0,642940.0,0.0,0.11383,0.11383,5658379.0,5648372.0,https://www.sec.gov/Archives/edgar/data/1662253/000114036119008331/0001140361-19-008331-index.html,https://www.sec.gov/Archives/edgar/data/1662253/000114036119008331/form10q.htm
0,2018-12-31,TIBR,2019-03-26 00:00:00,2019-03-25 21:03:12,Q4,0.0,0.0,0.0,0.0,0.0,208745.0,0.0,0.0,208745.0,208745.0,0.0,0.0,-668087000,0.0,-668087000,0.0,2669629000,776811.0,0.0,167000.0,609811.0,0.0,0.11714,0.11714,5658379.0,5205676.0,https://www.sec.gov/Archives/edgar/data/1662253/000114036119005564/0001140361-19-005564-index.html,https://www.sec.gov/Archives/edgar/data/1662253/000114036119005564/form10k.htm
0,2018-09-30,TIBR,2018-11-01 00:00:00,2018-11-01 16:02:37,Q3,0.0,0.0,0.0,0.0,0.0,181591.0,0.0,0.0,181591.0,181591.0,0.0,0.0,-459342000,0.0,-459342000,0.0,0.0,632204.0,0.0,132500.0,499704.0,0.0,0.09538,0.09538,5658379.0,5239246.0,https://www.sec.gov/Archives/edgar/data/1662253/000114036118042090/0001140361-18-042090-index.html,https://www.sec.gov/Archives/edgar/data/1662253/000114036118042090/form10q.htm
0,2018-06-30,TIBR,2018-07-30 00:00:00,2018-07-30 16:31:25,Q2,0.0,0.0,0.0,0.0,0.0,208501.0,0.0,0.0,208501.0,208501.0,0.0,0.0,-277751000,0.0,-277751000,0.0,0.0,580141.0,0.0,120500.0,459641.0,0.0,0.09118,0.09118,5658379.0,5041068.0,https://www.sec.gov/Archives/edgar/data/1662253/000114036118034175/0001140361-18-034175-index.html,https://www.sec.gov/Archives/edgar/data/1662253/000114036118034175/form10q.htm
