,date,symbol,fillingDate,acceptedDate,period,revenue,costOfRevenue,grossProfit,grossProfitRatio,researchAndDevelopmentExpenses,generalAndAdministrativeExpenses,sellingAndMarketingExpenses,otherExpenses,operatingExpenses,costAndExpenses,interestExpense,depreciationAndAmortization,ebitda,ebitdaratio,operatingIncome,operatingIncomeRatio,totalOtherIncomeExpensesNet,incomeBeforeTax,incomeBeforeTaxRatio,incomeTaxExpense,netIncome,netIncomeRatio,eps,epsdiluted,weightedAverageShsOut,weightedAverageShsOutDil,link,finalLink
0,2020-09-30,HRTG,2020-11-05,2020-11-05 16:15:23,Q3,165119000,0.0,165119000,1.0,0.0,17923000,0.0,4137000.0,17923000,17923000,-2251000.0,1486000.0,-2996000.0,-0.018144489731648086,-4482000.0,-0.02714405973873388,4137000.0,-6733000.0,-0.0407766519903827,-1500000.0,-5233000.0,-0.031692294648102276,-0.19,-0.19,27913700,27913700,https://www.sec.gov/Archives/edgar/data/1598665/000156459020051323/0001564590-20-051323-index.htm,https://www.sec.gov/Archives/edgar/data/1598665/000156459020051323/hrtg-10q_20200930.htm
0,2020-06-30,HRTG,2020-08-04,2020-08-04 16:12:59,Q2,132754000,0.0,132754000,1.0,0.0,19943000,0.0,-3439000.0,129049000,129049000,-1721000.0,2014999.9999999998,5536000.0,0.041701,6963000.0,0.05245,-3439000.0,5242000.0,0.039487,1110000.0,4132000.0,0.031125,0.14803,0.14803,27913700,27913700,https://www.sec.gov/Archives/edgar/data/1598665/000156459020036121/0001564590-20-036121-index.htm,https://www.sec.gov/Archives/edgar/data/1598665/000156459020036121/hrtg-10q_20200630.htm
0,2020-03-31,HRTG,2020-05-08 00:00:00,2020-05-08 16:12:06,Q1,128977000,0.0,0.0,0.486225189516676,0.0,21718000,0.0,-456000.0,119946000,119946000,-1966000.0,2024000.0,10852000,0.084139,12760000,0.098932,0.0,10794000,0.083689,3174000.0,7620000.0,0.05908,0.26691,0.26691,28549010,28549010,https://www.sec.gov/Archives/edgar/data/1598665/000156459020023563/0001564590-20-023563-index.html,https://www.sec.gov/Archives/edgar/data/1598665/000156459020023563/hrtg-10q_20200331.htm
0,2019-12-31,HRTG,2020-03-10 00:00:00,2020-03-10 16:17:38,Q4,134196000,0.0,0.0,0.5177109355821576,0.0,22079000,0.0,385941000,116990000,116990000,-2021000.0,2162000.000000001,19632000,0.146293,21512000,0.160303,0.0,19491000,0.145243,6673000.0,12818000,0.095517,0.44393,0.44393,28873660,28873660,https://www.sec.gov/Archives/edgar/data/1598665/000156459020009748/0001564590-20-009748-index.html,https://www.sec.gov/Archives/edgar/data/1598665/000156459020009748/hrtg-10k_20191231.htm
0,2019-09-30,HRTG,2019-11-06 00:00:00,2019-11-06 16:12:03,Q3,127239000,0.0,0.0,0.4680901145794577,0.0,21477000,0.0,-1035000.0,118215000,118215000,-2401000.0,2781999.999999999,11463999.999999998,0.090098,13484000,0.105974,0.0,11083000,0.087104,2950000.0,8133000.0,0.063919,0.27883,0.27883,29168390,29168390,https://www.sec.gov/Archives/edgar/data/1598665/000156459019041012/0001564590-19-041012-index.html,https://www.sec.gov/Archives/edgar/data/1598665/000156459019041012/hrtg-10q_20190930.htm
0,2019-06-30,HRTG,2019-08-07 00:00:00,2019-08-07 16:06:50,Q2,117710000,0.0,0.0,0.3951710720187556,0.0,18384000,0.0,-91871000,119770000,119770000,-1984000.0,2796000.0,1901000.0,0.01615,3073000.0,0.026107,0.0,1089000.0,0.009252,368000.0,721000.0,0.006125,0.02456,0.02456,29352800,29352800,https://www.sec.gov/Archives/edgar/data/1598665/000156459019030047/0001564590-19-030047-index.html,https://www.sec.gov/Archives/edgar/data/1598665/000156459019030047/hrtg-10q_20190630.htm
0,2019-03-31,HRTG,2019-05-08 00:00:00,2019-05-08 17:06:10,Q1,113565000,0.0,0.0,0.47456050599944194,0.0,18604000,0.0,88159000,106763000,106763000,-2117000.0,2696000.0,9912000.0,0.08728,11498000,0.101246,-48000.0,9333000.0,0.082182,2369000.0,6964000.0,0.061322,0.23571,0.23571,29544560,29544560,https://www.sec.gov/Archives/edgar/data/1598665/000156459019017314/0001564590-19-017314-index.html,https://www.sec.gov/Archives/edgar/data/1598665/000156459019017314/hrtg-10q_20190331.htm
0,2018-12-31,HRTG,2019-03-12 00:00:00,2019-03-12 16:22:55,Q4,123472000,0.0,0.0,0.5223376228188887,0.0,16377000,0.0,86150000,102526000,102526000,-4584000.0,5661999.999999999,7776999.999999999,0.062986,22352000,0.181029,-11069000,6699000.0,0.054255,2771000.0,3928000.0,0.031813,0.14671,0.14671,26774770,26774770,https://www.sec.gov/Archives/edgar/data/1598665/000156459019007360/0001564590-19-007360-index.html,https://www.sec.gov/Archives/edgar/data/1598665/000156459019007360/hrtg-10k_20181231.htm
0,2018-09-30,HRTG,2018-11-06 00:00:00,2018-11-06 16:07:29,Q3,121443000,0.0,0.0,0.5315455524961091,0.0,25815000,0.0,234357000,111079000,111079000,-5225000.0,7408000.000000001,11174000.000000002,0.09201,14216000,0.117059,0.0,8991000.0,0.074035,3002000.0,5989000.0,0.049315,0.22993,0.22993,26046940,26046940,https://www.sec.gov/Archives/edgar/data/1598665/000156459018027397/0001564590-18-027397-index.html,https://www.sec.gov/Archives/edgar/data/1598665/000156459018027397/hrtg-10q_20180930.htm
0,2018-06-30,HRTG,2018-08-08 00:00:00,2018-08-08 17:01:15,Q2,115500000,0.0,0.0,0.440638456582918,0.0,24400000,0.0,-63694000,109800000,109800000,-5400000.0,7000000.0,4900000.0,0.042424,8200000.0,0.070996,500000.0,3300000.0,0.028571,900000.0,2400000.0,0.020779,0.09125,0.09125,26300000,26300000,https://www.sec.gov/Archives/edgar/data/1598665/000156459018020554/0001564590-18-020554-index.html,https://www.sec.gov/Archives/edgar/data/1598665/000156459018020554/hrtg-10q_20180630.htm
0,2018-03-31,HRTG,2018-05-09 00:00:00,2018-05-09 16:50:59,Q1,109000000,0.0,0.0,0.5260832306785924,0.0,21900000,0.0,65278000,87200000,87200000,-4800000.0,7000000.0,22200000,0.20367,24800000,0.227523,0.0,20000000,0.183486,5200000.0,14800000,0.13578,0.55431,0.55431,26700000,26700000,https://www.sec.gov/Archives/edgar/data/1598665/000156459018012484/0001564590-18-012484-index.html,https://www.sec.gov/Archives/edgar/data/1598665/000156459018012484/hrtg-10q_20180331.htm
0,2017-12-31,HRTG,2018-03-15 00:00:00,2018-03-15 17:25:34,Q4,105900000,0.0,0.0,0.5879688449428272,0.0,22900000,0.0,62560000,85400000,85400000,-8163000.0,1799999.9999999998,-2263000.0,-0.021369,24300000,0.229462,-35300000,-17200000,-0.162417,9100000.0,-5000000.0,-0.047214,-0.20576,-0.20576,24300000,24300000,https://www.sec.gov/Archives/edgar/data/1598665/000156459018005881/0001564590-18-005881-index.html,https://www.sec.gov/Archives/edgar/data/1598665/000156459018005881/hrtg-10k_20171231.htm
0,2017-09-30,HRTG,2017-11-02 00:00:00,2017-11-02 16:18:55,Q3,98700000,0.0,0.0,0.3708117986912178,0.0,15400000,0.0,84941000,100400000,100400000,8163000.0,2100000.0000000005,1063000.0000000005,0.01077,1400000.0,0.014184,-6900000.0,-9200000.0,-0.093212,-500000.0,-8700000.0,-0.088146,-0.33591,-0.33591,25900000,25900000,https://www.sec.gov/Archives/edgar/data/1598665/000156459017021213/0001564590-17-021213-index.html,https://www.sec.gov/Archives/edgar/data/1598665/000156459017021213/hrtg-10q_20170930.htm
0,2017-06-30,HRTG,2017-08-09 00:00:00,2017-08-09 06:05:12,Q2,94100000,0.0,0.0,0.5249953578575997,0.0,16100000,0.0,67784000,83900000,83900000,-2200000.0,1000000.0,9600000.0,0.102019,13100000,0.139214,0.0,10800000,0.114772,4200000.0,6600000.0,0.070138,0.23322,0.23322,28300000,28300000,https://www.sec.gov/Archives/edgar/data/1598665/000156459017016717/0001564590-17-016717-index.html,https://www.sec.gov/Archives/edgar/data/1598665/000156459017016717/hrtg-10q_20170630.htm
0,2017-03-31,HRTG,2017-05-09 00:00:00,2017-05-09 16:11:45,Q1,96000000,0.0,0.0,0.5302085746225816,0.0,17300000,0.0,70089000,87400000,87400000,-2200000.0,2800000.0,10300000,0.107292,11900000,0.123958,0.0,9700000.0,0.101042,3700000.0,6000000.0,0.0625,0.20833,0.20833,28800000,28800000,https://www.sec.gov/Archives/edgar/data/1598665/000156459017009851/0001564590-17-009851-index.html,https://www.sec.gov/Archives/edgar/data/1598665/000156459017009851/hrtg-10q_20170331.htm
0,2016-12-31,HRTG,2017-03-15 00:00:00,2017-03-15 17:11:38,Q4,100200000,0.0,0.0,0.3269038100518447,0.0,14300000,0.0,5730000.0,106500000,106500000,-400000.0,2900000.0000000005,-1599999.9999999995,-0.015968,-3600000.0,-0.035928,0.0,-4000000.0,-0.03992,-1200000.0,-2900000.0,-0.028942,-0.09898,-0.09898,29300000,29300000,https://www.sec.gov/Archives/edgar/data/1598665/000156459017004457/0001564590-17-004457-index.html,https://www.sec.gov/Archives/edgar/data/1598665/000156459017004457/hrtg-10k_20161231.htm
0,2016-09-30,HRTG,2016-11-08 00:00:00,2016-11-08 16:08:23,Q3,105900000,0.0,0.0,0.5068295137459402,0.0,14200000,0.0,908000.0,90700000,90700000,0.0,2499999.9999999995,21100000,0.199245,18600000,0.175637,0.0,18600000,0.175637,7700000.0,10900000,0.102927,0.37329,0.37329,29200000,29200000,https://www.sec.gov/Archives/edgar/data/1598665/000156459016028325/0001564590-16-028325-index.html,https://www.sec.gov/Archives/edgar/data/1598665/000156459016028325/hrtg-10q_20160930.htm
0,2016-06-30,HRTG,2016-08-08,2016-08-08 16:12:00,Q2,112800000,0.0,0.0,0.5767385779096296,0.0,16000000,0.0,-3348000.0,85500000,85500000,0.0,3200000.0,33000000,0.292553,29800000,0.264184,0.0,29800000,0.264184,11400000,18400000,0.163121,0.61953,0.61953,29700000,29700000,https://www.sec.gov/Archives/edgar/data/1598665/000156459016023281/hrtg-10q_20160630.htm,https://www.sec.gov/Archives/edgar/data/1598665/000156459016023281/hrtg-10q_20160630.htm
0,2016-03-31,HRTG,2016-05-10 00:00:00,2016-05-10 16:23:21,Q1,109100000,0.0,0.0,0.3997848787702236,0.0,14400000,0.0,-1422000.0,99500000,99500000,0.0,400000.0,12400000,0.113657,12000000,0.109991,0.0,12000000,0.109991,4600000.0,7400000.0,0.067828,0.24262,0.24262,30500000,30500000,https://www.sec.gov/Archives/edgar/data/1598665/000156459016018962/0001564590-16-018962-index.html,https://www.sec.gov/Archives/edgar/data/1598665/000156459016018962/hrtg-10q_20160331.htm
0,2015-12-31,HRTG,2016-03-08 00:00:00,2016-03-08 17:24:33,Q4,99900000,0.0,0.0,0.6156002052658588,0.0,12800000,0.0,-907000.0,68000000,68000000,0.0,499999.9999999999,33800000,0.338338,33300000,0.333333,0.0,33300000,0.333333,13100000,20200000,0.202202,0.66447,0.66447,30400000,30400000,https://www.sec.gov/Archives/edgar/data/1598665/000156459016014232/0001564590-16-014232-index.html,https://www.sec.gov/Archives/edgar/data/1598665/000156459016014232/hrtg-10k_20151231.htm
0,2015-09-30,HRTG,2015-11-06 00:00:00,2015-11-06 16:17:59,Q3,85300000,0.0,0.0,0.5989534310429833,0.0,10200000,0.0,1201000.0,61500000,61500000,0.0,300000.00000000006,28000000,0.328253,27700000,0.324736,0.0,27700000,0.324736,10900000,16800000,0.196952,0.55082,0.55082,30500000,30500000,https://www.sec.gov/Archives/edgar/data/1598665/000119312515370194/0001193125-15-370194-index.html,https://www.sec.gov/Archives/edgar/data/1598665/000119312515370194/d72046d10q.htm
0,2015-06-30,HRTG,2015-08-07 00:00:00,2015-08-07 16:07:16,Q2,97100000,0.0,0.0,0.6577890360083966,0.0,11900000,0.0,2690000.0,58100000,58100000,0.0,300000.0,41300000,0.425335,41000000,0.422245,0.0,41000000,0.422245,15600000,25400000,0.261586,0.83828,0.83828,30300000,30300000,https://www.sec.gov/Archives/edgar/data/1598665/000119312515283066/0001193125-15-283066-index.html,https://www.sec.gov/Archives/edgar/data/1598665/000119312515283066/d937049d10q.htm
0,2015-03-31,HRTG,2015-05-08 00:00:00,2015-05-08 16:19:31,Q1,103500000,0.0,0.0,0.6904820789894224,0.0,11200000,0.0,-626000.0,56800000,56800000,0.0,300000.0,48600000,0.469565,48300000,0.466667,0.0,48300000,0.466667,18200000,30100000,0.290821,1.0,1.0,30100000,30100000,https://www.sec.gov/Archives/edgar/data/1598665/000119312515179618/0001193125-15-179618-index.html,https://www.sec.gov/Archives/edgar/data/1598665/000119312515179618/d895745d10q.htm
0,2014-12-31,HRTG,2015-03-18,2015-03-18 17:15:16,Q4,83800000,0.0,0.0,0.6789436702189952,0.0,13600000,0.0,243000.0,54200000,54200000,0.0,300000.00000000006,31500000,0.375895,31200000,0.372315,0.0,31200000,0.372315,11500000,19700000,0.235084,0.65449,0.65449,30100000,30100000,https://www.sec.gov/Archives/edgar/data/1598665/000119312515097128/d859722d10k.htm,https://www.sec.gov/Archives/edgar/data/1598665/000119312515097128/d859722d10k.htm
0,2014-09-30,HRTG,2014-11-06 00:00:00,2014-11-06 16:32:46,Q3,56800000,0.0,0.0,0.6153620740178926,0.0,7100000.0,0.0,83000.0,41900000,41900000,0.0,200000.0,16300000,0.286972,16100000,0.283451,0.0,16100000,0.283451,6100000.0,10000000,0.176056,0.33557,0.33557,29800000,29800000,https://www.sec.gov/Archives/edgar/data/1598665/000119312514401113/0001193125-14-401113-index.html,https://www.sec.gov/Archives/edgar/data/1598665/000119312514401113/d772507d10q.htm
