,date,symbol,fillingDate,acceptedDate,period,revenue,costOfRevenue,grossProfit,grossProfitRatio,researchAndDevelopmentExpenses,generalAndAdministrativeExpenses,sellingAndMarketingExpenses,otherExpenses,operatingExpenses,costAndExpenses,interestExpense,depreciationAndAmortization,ebitda,ebitdaratio,operatingIncome,operatingIncomeRatio,totalOtherIncomeExpensesNet,incomeBeforeTax,incomeBeforeTaxRatio,incomeTaxExpense,netIncome,netIncomeRatio,eps,epsdiluted,weightedAverageShsOut,weightedAverageShsOutDil,link,finalLink
0,2020-09-30,ASRV,2020-11-06,2020-11-06 14:55:47,Q3,13095000,0.0,0.0,0.0,0.0,7128000.0,0.0,0.0,0.0,0.0,2446000.0,0.0,0.0,0.0,0.0,0.10026727758686521,0.0,1313000.0,0.10026727758686521,235000.0,1078000.0,0.08232149675448644,0.06,0.06,17059000,17062000,https://www.sec.gov/Archives/edgar/data/707605/000155837020013122/0001558370-20-013122-index.htm,https://www.sec.gov/Archives/edgar/data/707605/000155837020013122/asrv-20200930x10q.htm
0,2020-06-30,ASRV,2020-08-07,2020-08-07 20:41:16,Q2,13240000,0.0,0.0,0.0,0.0,6971000.0,0.0,0.0,0.0,0.0,2588000.0,0.0,0.0,0.0,0.0,0.13474320241691842,0.0,1784000.0,0.13474320241691842,365000.0,1419000.0,0.10717522658610272,0.08,0.08,17052000,17056000,https://www.sec.gov/Archives/edgar/data/707605/000110465920092192/0001104659-20-092192-index.htm,https://www.sec.gov/Archives/edgar/data/707605/000110465920092192/tm2020576-1_10q.htm
0,2020-03-31,ASRV,2020-05-08 00:00:00,2020-05-08 15:22:53,Q1,12583000,0.0,0.0,0.0,0.0,6909000.0,0.0,0.0,0.0,0.0,3193000.0,0.0,0.0,0.0,0.0,0.14106333942620997,0.0,1775000.0,0.14106333942620997,366000.0,1409000.0,0.11197647619804497,0.08,0.08,17043000,17099000,https://www.sec.gov/Archives/edgar/data/707605/000110465920058713/0001104659-20-058713-index.html,https://www.sec.gov/Archives/edgar/data/707605/000110465920058713/tm2016914-1_10q.htm
0,2019-12-31,ASRV,2020-03-02,2020-03-02 16:32:53,Q4,12376000,0.0,0.0,0.0,0.0,6546000.0,0.0,0.0,0.0,0.0,3445000.0,0.0,0.0,0.0,0.0,0.06771170006464124,0.0,838000.0,0.06771170006464124,169000.0,669000.0,0.054056237879767294,0.04,0.04,17111000,17193000,https://www.sec.gov/Archives/edgar/data/707605/000110465920027896/0001104659-20-027896-index.htm,https://www.sec.gov/Archives/edgar/data/707605/000110465920027896/tm205332-3_10k.htm
0,2019-09-30,ASRV,2019-11-08,2019-11-08 16:11:40,Q3,12859000,0.0,0.0,0.0,0.0,6466000.0,0.0,0.0,0.0,0.0,3669000.0,0.0,0.0,0.0,0.0,0.1657205070378723,0.0,2131000.0,0.1657205070378723,442000.0,1689000.0,0.13134769422194573,0.1,0.1,17278000,17360000,https://www.sec.gov/Archives/edgar/data/707605/000110465919061680/0001104659-19-061680-index.htm,https://www.sec.gov/Archives/edgar/data/707605/000110465919061680/tv531883-10q.htm
0,2019-06-30,ASRV,2019-08-12,2019-08-12 16:11:24,Q2,12718000,0.0,0.0,0.0,0.0,6568000.0,0.0,0.0,0.0,0.0,3704000.0,0.0,0.0,0.0,0.0,0.17785815379776695,0.0,2262000.0,0.17785815379776695,470000.0,1792000.0,0.140902657650574,0.1,0.1,17476000,17560000,https://www.sec.gov/Archives/edgar/data/707605/000114420419039183/0001144204-19-039183-index.htm,https://www.sec.gov/Archives/edgar/data/707605/000114420419039183/tv526051-10q.htm
0,2019-03-31,ASRV,2019-05-10,2019-05-10 15:51:12,Q1,12262000,0.0,0.0,0.0,0.0,6554000.0,0.0,0.0,0.0,0.0,3507000.0,0.0,0.0,0.0,0.0,0.19319849942913064,0.0,2369000.0,0.19319849942913064,491000.0,1878000.0,0.1531560919915185,0.11,0.11,17578000,17664000,https://www.sec.gov/Archives/edgar/data/707605/000114420419025251/0001144204-19-025251-index.htm,https://www.sec.gov/Archives/edgar/data/707605/000114420419012248/v511085_10k.htm
0,2018-12-31,ASRV,2019-03-05,2019-03-05 16:38:40,Q4,12101000,0.0,0.0,0.0,0.0,6515000.0,0.0,0.0,0.0,0.0,3346000.0,0.0,0.0,0.0,0.0,0.19907445665647466,0.0,2409000.0,0.19907445665647466,481000.0,1928000.0,0.15932567556400298,0.11,0.11,17697000,17801000,https://www.sec.gov/Archives/edgar/data/707605/000114420419012248/0001144204-19-012248-index.htm,https://www.sec.gov/Archives/edgar/data/707605/000114420419012248/v511085_10k.htm
0,2018-09-30,ASRV,2018-11-09,2018-11-09 13:33:10,Q3,12695000,0.0,0.0,0.0,0.0,6114000.0,0.0,0.0,0.0,0.0,3040000.0,0.0,0.0,0.0,0.0,0.20330838912957858,0.0,2581000.0,0.20330838912957858,252000.0,2329000.0,0.18345805435210713,0.13,0.13,17924000,18036000,https://www.sec.gov/Archives/edgar/data/707605/000114420418058633/0001144204-18-058633-index.htm,https://www.sec.gov/Archives/edgar/data/707605/000114420418058633/tv505538-10q.htm
0,2018-06-30,ASRV,2018-08-10,2018-08-10 13:32:55,Q2,12539000,0.0,0.0,0.0,0.0,6537000.0,0.0,0.0,0.0,0.0,2745000.0,0.0,0.0,0.0,0.0,0.17377781322274505,0.0,2179000.0,0.17377781322274505,435000.0,1744000.0,0.1390860515192599,0.1,0.1,18038000,18140000,https://www.sec.gov/Archives/edgar/data/707605/000114420418043536/0001144204-18-043536-index.htm,https://www.sec.gov/Archives/edgar/data/707605/000114420418043536/tv499421-10q.htm
0,2018-03-31,ASRV,2018-05-11,2018-05-11 17:21:00,Q1,12383000,0.0,0.0,0.0,0.0,6423000.0,0.0,0.0,0.0,0.0,2469000.0,0.0,0.0,0.0,0.0,0.1787127513526609,0.0,2213000.0,0.1787127513526609,446000.0,1767000.0,0.14269563110716305,0.1,0.1,18079000,18181000,https://www.sec.gov/Archives/edgar/data/707605/000114420418027713/0001144204-18-027713-index.htm,https://www.sec.gov/Archives/edgar/data/707605/000114420418012402/tv485302_10k.htm
0,2017-12-31,ASRV,2018-03-02,2018-03-02 10:07:31,Q4,12703000,0.0,0.0,0.0,0.0,6453000.0,0.0,0.0,0.0,0.0,2366000.0,0.0,0.0,0.0,0.0,0.18916791309139575,0.0,2403000.0,0.18916791309139575,3398000.0,-995000.0,-0.07832795402660789,-0.05,-0.05,18226000,18226000,https://www.sec.gov/Archives/edgar/data/707605/000114420418012402/0001144204-18-012402-index.htm,https://www.sec.gov/Archives/edgar/data/707605/000114420418012402/tv485302_10k.htm
0,2017-09-30,ASRV,2017-11-03,2017-11-03 12:16:38,Q3,12566000,0.0,0.0,0.0,0.0,6322000.0,0.0,0.0,0.0,0.0,2250000.0,0.0,0.0,0.0,0.0,0.17921375139264684,0.0,2252000.0,0.17921375139264684,701000.0,1551000.0,0.12342829858347923,0.08,0.08,18380000,18481000,https://www.sec.gov/Archives/edgar/data/707605/000114420417056052/0001144204-17-056052-index.htm,https://www.sec.gov/Archives/edgar/data/707605/000114420417056052/v477728_10q.htm
0,2017-06-30,ASRV,2017-08-04,2017-08-04 08:12:16,Q2,12654000,0.0,0.0,0.0,0.0,6292000.0,0.0,0.0,0.0,0.0,2152000.0,0.0,0.0,0.0,0.0,0.1590011063695274,0.0,2012000.0,0.1590011063695274,623000.0,1389000.0,0.10976766239924135,0.07,0.07,18580000,18699000,https://www.sec.gov/Archives/edgar/data/707605/000114420417040443/0001144204-17-040443-index.htm,https://www.sec.gov/Archives/edgar/data/707605/000114420417040443/v471316_10q.htm
0,2017-03-31,ASRV,2017-05-05,2017-05-05 12:24:39,Q1,12283000,0.0,0.0,0.0,0.0,6364000.0,0.0,0.0,0.0,0.0,2027000.0,0.0,0.0,0.0,0.0,0.16062851095009362,0.0,1973000.0,0.16062851095009362,625000.0,1348000.0,0.10974517625987136,0.07,0.07,18814000,18922000,https://www.sec.gov/Archives/edgar/data/707605/000114420417024735/0001144204-17-024735-index.htm,https://www.sec.gov/Archives/edgar/data/707605/000114420417012658/v459035_10k.htm
0,2016-12-31,ASRV,2017-03-03,2017-03-03 11:32:09,Q4,12382000,0.0,0.0,0.0,0.0,6427000.0,0.0,0.0,0.0,0.0,1998000.0,0.0,0.0,0.0,0.0,0.12703925052495557,0.0,1573000.0,0.12703925052495557,423000.0,1150000.0,0.09287675658213536,0.06,0.06,18903000,18990000,https://www.sec.gov/Archives/edgar/data/707605/000114420417012658/0001144204-17-012658-index.htm,https://www.sec.gov/Archives/edgar/data/707605/000114420417012658/v459035_10k.htm
0,2016-09-30,ASRV,2016-11-04,2016-11-04 10:00:33,Q3,12167000,0.0,0.0,0.0,0.0,6271000.0,0.0,0.0,0.0,0.0,1970000.0,0.0,0.0,0.0,0.0,0.12418837840059177,0.0,1511000.0,0.12418837840059177,446000.0,1065000.0,0.08753184844250843,0.06,0.06,18899000,18957000,https://www.sec.gov/Archives/edgar/data/707605/000114420416131578/0001144204-16-131578-index.htm,https://www.sec.gov/Archives/edgar/data/707605/000114420416131578/v451048_10q.htm
0,2016-06-30,ASRV,2016-08-05,2016-08-05 11:48:50,Q2,12228000,0.0,0.0,0.0,0.0,6210000.0,0.0,0.0,0.0,0.0,1903000.0,0.0,0.0,0.0,0.0,0.15857049394831535,0.0,1939000.0,0.15857049394831535,577000.0,1362000.0,0.11138370951913641,0.07,0.07,18897000,18948000,https://www.sec.gov/Archives/edgar/data/707605/000114420416116808/0001144204-16-116808-index.htm,https://www.sec.gov/Archives/edgar/data/707605/000114420416116808/v445303_10q.htm
0,2016-03-31,ASRV,2016-05-06,2016-05-06 11:35:20,Q1,11995000,0.0,0.0,0.0,0.0,6540000.0,0.0,0.0,0.0,0.0,1864000.0,0.0,0.0,0.0,0.0,-0.15139641517298874,0.0,-1816000.0,-0.15139641517298874,-549000.0,-1267000.0,-0.10562734472696957,-0.07,-0.07,18884000,18937000,https://www.sec.gov/Archives/edgar/data/707605/000114420416099450/0001144204-16-099450-index.htm,https://www.sec.gov/Archives/edgar/data/707605/000114420416086602/v431289_10k.htm
0,2015-12-31,ASRV,2016-03-08,2016-03-08 15:26:11,Q4,12440000,0.0,0.0,0.0,0.0,6302000.0,0.0,0.0,0.0,0.0,1690000.0,0.0,0.0,0.0,0.0,0.1422829581993569,0.0,1770000.0,0.1422829581993569,396000.0,1374000.0,0.11045016077170418,0.07,0.07,18871000,18950000,https://www.sec.gov/Archives/edgar/data/707605/000114420416086602/0001144204-16-086602-index.htm,https://www.sec.gov/Archives/edgar/data/707605/000114420416086602/v431289_10k.htm
0,2015-09-30,ASRV,2015-11-06,2015-11-06 09:01:53,Q3,13050000,0.0,0.0,0.0,0.0,6434000.0,0.0,0.0,0.0,0.0,1632000.0,0.0,0.0,0.0,0.0,0.1939463601532567,0.0,2531000.0,0.1939463601532567,698000.0,1833000.0,0.14045977011494254,0.09,0.09,18869000,18951000,https://www.sec.gov/Archives/edgar/data/707605/000114420415063220/0001144204-15-063220-index.htm,https://www.sec.gov/Archives/edgar/data/707605/000114420415063220/v422735_10-q.htm
0,2015-06-30,ASRV,2015-08-07,2015-08-07 10:16:52,Q2,12492000,0.0,0.0,0.0,0.0,6283000.0,0.0,0.0,0.0,0.0,1609000.0,0.0,0.0,0.0,0.0,0.1643451809157861,0.0,2053000.0,0.1643451809157861,632000.0,1421000.0,0.11375280179314762,0.07,0.07,18859000,18941000,https://www.sec.gov/Archives/edgar/data/707605/000114420415047123/0001144204-15-047123-index.htm,https://www.sec.gov/Archives/edgar/data/707605/000114420415047123/v415561_10q.htm
0,2015-03-31,ASRV,2015-05-08,2015-05-08 12:09:47,Q1,12646000,0.0,0.0,0.0,0.0,6418000.0,0.0,0.0,0.0,0.0,1589000.0,0.0,0.0,0.0,0.0,0.15704570615214297,0.0,1986000.0,0.15704570615214297,617000.0,1369000.0,0.10825557488533924,0.07,0.07,18851000,18909000,https://www.sec.gov/Archives/edgar/data/707605/000114420415028677/0001144204-15-028677-index.htm,https://www.sec.gov/Archives/edgar/data/707605/000114420415014471/v400874_10k.htm
0,2014-12-31,ASRV,2015-03-06,2015-03-06 13:41:22,Q4,12292000,0.0,0.0,0.0,0.0,6758000.0,0.0,0.0,0.0,0.0,1612000.0,0.0,0.0,0.0,0.0,0.0933127237227465,0.0,1147000.0,0.0933127237227465,398000.0,749000.0,0.06093394077448747,0.04,0.04,18795000,18887000,https://www.sec.gov/Archives/edgar/data/707605/000114420415014471/0001144204-15-014471-index.htm,https://www.sec.gov/Archives/edgar/data/707605/000114420415014471/v400874_10k.htm
0,2014-09-30,ASRV,2014-11-07,2014-11-07 08:48:04,Q3,11996000,0.0,0.0,0.0,0.0,6494000.0,0.0,0.0,0.0,0.0,1616000.0,0.0,0.0,0.0,0.0,0.06277092364121374,0.0,753000.0,0.06277092364121374,388000.0,365000.0,0.030426808936312104,0.02,0.02,18795000,18908000,https://www.sec.gov/Archives/edgar/data/707605/000114420414065871/0001144204-14-065871-index.htm,https://www.sec.gov/Archives/edgar/data/707605/000114420414065871/v390956_10q.htm
0,2014-06-30,ASRV,2014-08-08,2014-08-08 10:32:56,Q2,12022000,0.0,0.0,0.0,0.0,6448000.0,0.0,0.0,0.0,0.0,1599000.0,0.0,0.0,0.0,0.0,0.11661953086008983,0.0,1402000.0,0.11661953086008983,423000.0,979000.0,0.08143403759773749,0.05,0.05,18795000,18936000,https://www.sec.gov/Archives/edgar/data/707605/000114420414047920/0001144204-14-047920-index.htm,https://www.sec.gov/Archives/edgar/data/707605/000114420414047920/v380566_10q.htm
0,2014-03-31,ASRV,2014-05-09,2014-05-09 10:35:15,Q1,12057000,0.0,0.0,0.0,0.0,6657000.0,0.0,0.0,0.0,0.0,1570000.0,0.0,0.0,0.0,0.0,0.10939703077050676,0.0,1319000.0,0.10939703077050676,389000.0,930000.0,0.07713361532719581,0.05,0.05,18786000,18904000,https://www.sec.gov/Archives/edgar/data/707605/000114420414028869/0001144204-14-028869-index.htm,https://www.sec.gov/Archives/edgar/data/707605/000114420414012317/v362341-10k.htm
0,2013-12-31,ASRV,2014-02-28,2014-02-28 11:12:18,Q4,12465000,0.0,0.0,0.0,0.0,6722000.0,0.0,0.0,0.0,0.0,1605000.0,0.0,0.0,0.0,0.0,0.21813076614520657,0.0,2719000.0,0.21813076614520657,878000.0,1841000.0,0.14769354191736864,0.1,0.09,18784000,18879000,https://www.sec.gov/Archives/edgar/data/707605/000114420414012317/0001144204-14-012317-index.htm,https://www.sec.gov/Archives/edgar/data/707605/000114420414012317/v362341-10k.htm
0,2013-09-30,ASRV,2013-11-13,2013-11-13 09:35:12,Q3,12186000,0.0,0.0,0.0,0.0,6600000.0,0.0,0.0,0.0,0.0,1611000.0,0.0,0.0,0.0,0.0,0.14549483013293943,0.0,1773000.0,0.14549483013293943,547000.0,1226000.0,0.10060725422616117,0.06,0.06,18784000,18878000,https://www.sec.gov/Archives/edgar/data/707605/000114420413060770/0001144204-13-060770-index.htm,https://www.sec.gov/Archives/edgar/data/707605/000114420413060770/v354420_10q.htm
0,2013-06-30,ASRV,2013-08-09,2013-08-09 07:13:40,Q2,12096000,0.0,0.0,0.0,0.0,6538000.0,0.0,0.0,0.0,0.0,1606000.0,0.0,0.0,0.0,0.0,0.12433862433862433,0.0,1504000.0,0.12433862433862433,434000.0,1070000.0,0.08845899470899471,0.05,0.05,19039000,19128000,https://www.sec.gov/Archives/edgar/data/707605/000114420413044155/0001144204-13-044155-index.htm,https://www.sec.gov/Archives/edgar/data/707605/000114420413044155/v346911-10q.htm
0,2013-03-31,ASRV,2013-05-10,2013-05-10 11:04:51,Q1,11858000,0.0,0.0,0.0,0.0,6676000.0,0.0,0.0,0.0,0.0,1660000.0,0.0,0.0,0.0,0.0,0.12531624219935908,0.0,1486000.0,0.12531624219935908,430000.0,1056000.0,0.08905380333951762,0.05,0.05,19168000,19257000,https://www.sec.gov/Archives/edgar/data/707605/000114420413027731/0001144204-13-027731-index.htm,https://www.sec.gov/Archives/edgar/data/707605/000114420413013813/v330158_10k.htm
0,2012-12-31,ASRV,2013-03-08,2013-03-08 09:43:08,Q4,11969000,0.0,0.0,0.0,0.0,5557000.0,0.0,0.0,0.0,0.0,1796000.0,0.0,0.0,0.0,0.0,0.08739243044531707,0.0,1046000.0,0.08739243044531707,311000.0,735000.0,0.061408638984042106,0.04,0.04,19209000,19289000,https://www.sec.gov/Archives/edgar/data/707605/000114420413013813/0001144204-13-013813-index.htm,https://www.sec.gov/Archives/edgar/data/707605/000114420413013813/v330158_10k.htm
0,2012-09-30,ASRV,2012-11-09,2012-11-09 08:50:10,Q3,11791000,0.0,0.0,0.0,0.0,6790000.0,0.0,0.0,0.0,0.0,1888000.0,0.0,0.0,0.0,0.0,0.16147909422440845,0.0,1904000.0,0.16147909422440845,597000.0,1307000.0,0.11084725638198627,0.05,0.05,19275000,19351000,https://www.sec.gov/Archives/edgar/data/707605/000119312512461920/0001193125-12-461920-index.htm,https://www.sec.gov/Archives/edgar/data/707605/000119312512461920/d398467d10q.htm
0,2012-06-30,ASRV,2012-08-09,2012-08-09 08:42:30,Q2,11654000,0.0,0.0,0.0,0.0,6645000.0,0.0,0.0,0.0,0.0,1964000.0,0.0,0.0,0.0,0.0,0.17908014415651277,0.0,2087000.0,0.17908014415651277,655000.0,1432000.0,0.12287626565985928,0.06,0.06,19584000,19652000,https://www.sec.gov/Archives/edgar/data/707605/000119312512345682/0001193125-12-345682-index.htm,https://www.sec.gov/Archives/edgar/data/707605/000119312512345682/d351546d10q.htm
0,2012-03-31,ASRV,2012-05-09,2012-05-09 08:14:32,Q1,11732000,0.0,0.0,0.0,0.0,6703000.0,0.0,0.0,0.0,0.0,2066000.0,0.0,0.0,0.0,0.0,0.19118649846573474,0.0,2243000.0,0.19118649846573474,678000.0,1565000.0,0.13339584043641323,0.06,0.06,20679000,20722000,https://www.sec.gov/Archives/edgar/data/707605/000119312512220367/0001193125-12-220367-index.htm,https://www.sec.gov/Archives/edgar/data/707605/000119312512105863/d264892d10k.htm
0,2011-12-31,ASRV,2012-03-09,2012-03-09 11:06:30,Q4,11599000,0.0,0.0,0.0,0.0,6566000.0,0.0,0.0,0.0,0.0,2233000.0,0.0,0.0,0.0,0.0,0.21467367876541082,0.0,2490000.0,0.21467367876541082,720000.0,1770000.0,0.15259936201396673,0.0,0.0,0.0,0.0,https://www.sec.gov/Archives/edgar/data/707605/000119312512105863/0001193125-12-105863-index.htm,https://www.sec.gov/Archives/edgar/data/707605/000119312512105863/d264892d10k.htm
0,2011-09-30,ASRV,2011-11-10,2011-11-10 11:46:42,Q3,11642000,0.0,0.0,0.0,0.0,6511000.0,0.0,0.0,0.0,0.0,2374000.0,0.0,0.0,0.0,0.0,0.19841951554715684,0.0,2310000.0,0.19841951554715684,744000.0,1566000.0,0.13451297028002063,0.05,0.05,21208000,21227000,https://www.sec.gov/Archives/edgar/data/707605/000119312511306118/0001193125-11-306118-index.htm,https://www.sec.gov/Archives/edgar/data/707605/000119312511306118/d233006d10q.htm
0,2011-06-30,ASRV,2011-08-12,2011-08-12 10:27:43,Q2,11540000,0.0,0.0,0.0,0.0,6585000.0,0.0,0.0,0.0,0.0,2444000.0,0.0,0.0,0.0,0.0,0.24592720970537263,0.0,2838000.0,0.24592720970537263,900000.0,1938000.0,0.16793760831889082,0.08,0.08,21208000,21230000,https://www.sec.gov/Archives/edgar/data/707605/000119312511220668/0001193125-11-220668-index.htm,https://www.sec.gov/Archives/edgar/data/707605/000119312511220668/d10q.htm
0,2011-03-31,ASRV,2011-05-06,2011-05-06 13:03:58,Q1,11071000,0.0,0.0,0.0,0.0,6550000.0,0.0,0.0,0.0,0.0,2630000.0,0.0,0.0,0.0,0.0,0.15825128714659922,0.0,1752000.0,0.15825128714659922,489000.0,1263000.0,0.11408183542588746,0.05,0.05,21208000,21230000,https://www.sec.gov/Archives/edgar/data/707605/000070760511000062/0000707605-11-000062-index.htm,https://www.sec.gov/Archives/edgar/data/707605/000119312511057325/d10k.htm
0,2010-12-31,ASRV,2011-03-07,2011-03-07 12:01:42,Q4,11756000,0.0,0.0,0.0,0.0,6798000.0,0.0,0.0,0.0,0.0,2866000.0,0.0,0.0,0.0,0.0,0.11764205512078939,0.0,1383000.0,0.11764205512078939,269000.0,1114000.0,0.09476012249064307,0.0,0.0,0.0,0.0,https://www.sec.gov/Archives/edgar/data/707605/000119312511057325/0001193125-11-057325-index.htm,https://www.sec.gov/Archives/edgar/data/707605/000119312511057325/d10k.htm
0,2010-09-30,ASRV,2010-11-05,2010-11-05 08:42:59,Q3,11536000,0.0,0.0,0.0,0.0,6417000.0,0.0,0.0,0.0,0.0,3037000.0,0.0,0.0,0.0,0.0,0.06605409153952843,0.0,762000.0,0.06605409153952843,153000.0,609000.0,0.05279126213592233,0.02,0.02,21224000,21225000,https://www.sec.gov/Archives/edgar/data/707605/000070760510000140/0000707605-10-000140-index.htm,https://www.sec.gov/Archives/edgar/data/707605/000070760510000140/sepq2010.htm
0,2010-06-30,ASRV,2010-08-06,2010-08-06 07:09:59,Q2,11596000,0.0,0.0,0.0,0.0,6187000.0,0.0,0.0,0.0,0.0,3242000.0,0.0,0.0,0.0,0.0,0.05260434632631942,0.0,610000.0,0.05260434632631942,133000.0,477000.0,0.04113487409451535,-0.055645,-0.055645,21224000,21224000,https://www.sec.gov/Archives/edgar/data/707605/000070760510000110/0000707605-10-000110-index.htm,https://www.sec.gov/Archives/edgar/data/707605/000070760510000110/junq2010.htm
0,2010-03-31,ASRV,2010-05-07,2010-05-07 09:46:58,Q1,11421000,0.0,0.0,0.0,0.0,7270000.0,0.0,0.0,0.0,0.0,3344000.0,0.0,0.0,0.0,0.0,-0.12196830400140093,0.0,-1393000.0,-0.12196830400140093,-475000.0,-918000.0,-0.08037825059101655,-0.05565,-0.05565,21221909,21221909,https://www.sec.gov/Archives/edgar/data/707605/000070760510000049/0000707605-10-000049-index.htm,https://www.sec.gov/Archives/edgar/data/707605/000119312510042107/d10k.htm
0,2009-12-31,ASRV,2010-02-26,2010-02-26 11:25:18,Q4,11619000,0.0,0.0,0.0,0.0,8812000.0,0.0,0.0,0.0,0.0,3570000.0,0.0,0.0,0.0,0.0,-0.2516567690851192,0.0,-2924000.0,-0.2516567690851192,-1245000.0,-1679000.0,-0.14450469059299423,0.0,0.0,0.0,0.0,https://www.sec.gov/Archives/edgar/data/707605/000119312510042107/0001193125-10-042107-index.htm,https://www.sec.gov/Archives/edgar/data/707605/000119312510042107/d10k.htm
0,2009-09-30,ASRV,2009-11-06,2009-11-06 09:21:09,Q3,11379000,0.0,0.0,0.0,0.0,6754000.0,0.0,0.0,0.0,0.0,3773000.0,0.0,0.0,0.0,0.0,-0.3943228754723614,0.0,-4487000.0,-0.3943228754723614,-1677000.0,-2810000.0,-0.24694612883381667,-0.15,-0.15,21178000,21182000,https://www.sec.gov/Archives/edgar/data/707605/000070760509000210/0000707605-09-000210-index.htm,https://www.sec.gov/Archives/edgar/data/707605/000070760509000210/q3rd2009.htm
0,2009-06-30,ASRV,2009-08-07,2009-08-07 13:50:14,Q2,11662000,0.0,0.0,0.0,0.0,6815000.0,0.0,0.0,0.0,0.0,3884000.0,0.0,0.0,0.0,0.0,-0.1092436974789916,0.0,-1274000.0,-0.1092436974789916,-335000.0,-939000.0,-0.08051792145429601,-0.06,-0.06,21151000,21152000,https://www.sec.gov/Archives/edgar/data/707605/000070760509000170/0000707605-09-000170-index.htm,https://www.sec.gov/Archives/edgar/data/707605/000070760509000170/q22009.htm
0,2009-03-31,ASRV,2009-05-08,2009-05-08 08:26:37,Q1,11702000,0.0,0.0,0.0,0.0,6338000.0,0.0,0.0,0.0,0.0,3794000.0,0.0,0.0,0.0,0.0,0.06323705349512904,0.0,740000.0,0.06323705349512904,207000.0,533000.0,0.04554776961203213,0.01,0.01,21137000,21137000,https://www.sec.gov/Archives/edgar/data/707605/000070760509000088/0000707605-09-000088-index.htm,https://www.sec.gov/Archives/edgar/data/707605/000089322009000479/w72370e10vk.htm
0,2008-12-31,ASRV,2009-03-05,2009-03-05 16:16:15,Q4,11661000,0.0,0.0,0.0,0.0,9764000.0,0.0,0.0,0.0,0.0,4170000.0,0.0,0.0,0.0,0.0,0.1703970499957122,0.0,1987000.0,0.1703970499957122,372000.0,1615000.0,0.13849584083697797,0.0,0.0,0.0,0.0,https://www.sec.gov/Archives/edgar/data/707605/000089322009000479/0000893220-09-000479-index.htm,https://www.sec.gov/Archives/edgar/data/707605/000089322009000479/w72370e10vk.htm
0,2008-09-30,ASRV,2008-11-07,2008-11-07 09:16:00,Q3,10998000,0.0,0.0,0.0,0.0,4758000.0,0.0,0.0,0.0,0.0,4501000.0,0.0,0.0,0.0,0.0,0.1308419712675032,0.0,1439000.0,0.1308419712675032,290000.0,1149000.0,0.10447354064375342,0.05,0.05,21855000,21856000,https://www.sec.gov/Archives/edgar/data/707605/000070760508000213/0000707605-08-000213-index.htm,https://www.sec.gov/Archives/edgar/data/707605/000070760508000213/sepq2008.htm
0,2008-06-30,ASRV,2008-08-04,2008-08-04 10:42:12,Q2,12309000,0.0,0.0,0.0,0.0,4812000.0,0.0,0.0,0.0,0.0,4484000.0,0.0,0.0,0.0,0.0,0.15508977171175561,0.0,1909000.0,0.15508977171175561,393000.0,1516000.0,0.12316191404663254,0.07,0.07,21847000,21848000,https://www.sec.gov/Archives/edgar/data/707605/000070760508000142/0000707605-08-000142-index.htm,https://www.sec.gov/Archives/edgar/data/707605/000070760508000142/q2nd2008.htm
0,2008-03-31,ASRV,2008-05-05,2008-05-05 13:50:54,Q1,10573000,0.0,0.0,0.0,0.0,4830000.0,0.0,0.0,0.0,0.0,5547000.0,0.0,0.0,0.0,0.0,0.15549040007566442,0.0,1644000.0,0.15549040007566442,415000.0,1229000.0,0.116239477915445,0.06,0.06,22060000,22062000,https://www.sec.gov/Archives/edgar/data/707605/000070760508000096/0000707605-08-000096-index.htm,https://www.sec.gov/Archives/edgar/data/707605/000089322008000634/w50835e10vk.htm
0,2007-12-31,ASRV,2008-03-06,2008-03-06 15:39:38,Q4,10093000,0.0,0.0,0.0,0.0,4711000.0,0.0,0.0,0.0,0.0,6209000.0,0.0,0.0,0.0,0.0,0.12275834736946399,0.0,1239000.0,0.12275834736946399,315000.0,924000.0,0.09154859803824433,0.0,0.0,0.0,0.0,https://www.sec.gov/Archives/edgar/data/707605/000089322008000634/0000893220-08-000634-index.htm,https://www.sec.gov/Archives/edgar/data/707605/000089322008000634/w50835e10vk.htm
0,2007-09-30,ASRV,2007-11-05,2007-11-05 14:01:42,Q3,10044000,0.0,0.0,0.0,0.0,4813000.0,0.0,0.0,0.0,0.0,6432000.0,0.0,0.0,0.0,0.0,0.1116089207487057,0.0,1121000.0,0.1116089207487057,247000.0,874000.0,0.08701712465153326,0.04,0.04,22175000,22177000,https://www.sec.gov/Archives/edgar/data/707605/000070760507000221/0000707605-07-000221-index.htm,https://www.sec.gov/Archives/edgar/data/707605/000070760507000221/sepq07.htm
0,2007-06-30,ASRV,2007-08-03,2007-08-03 11:28:21,Q2,9605000.0,0.0,0.0,0.0,0.0,4930000.0,0.0,0.0,0.0,0.0,6295000.0,0.0,0.0,0.0,0.0,0.11275377407600208,0.0,1083000.0,0.11275377407600208,275000.0,808000.0,0.08412285268089537,0.04,0.04,22164000,22171000,https://www.sec.gov/Archives/edgar/data/707605/000070760507000155/0000707605-07-000155-index.htm,https://www.sec.gov/Archives/edgar/data/707605/000070760507000155/jun07q.htm
0,2007-03-31,ASRV,2007-05-04,2007-05-04 11:39:44,Q1,9188000.0,0.0,0.0,0.0,0.0,4885000.0,0.0,0.0,0.0,0.0,6220000.0,0.0,0.0,0.0,0.0,0.05605137135393992,0.0,515000.0,0.05605137135393992,87000.0,428000.0,0.04658249891162386,0.02,0.02,22159000,22166000,https://www.sec.gov/Archives/edgar/data/707605/000070760507000096/0000707605-07-000096-index.htm,https://www.sec.gov/Archives/edgar/data/707605/000070760507000096/marq2007.htm
0,2006-12-31,ASRV,,,Q4,8980000.0,0.0,0.0,0.0,0.0,4642000.0,0.0,0.0,0.0,0.0,6181000.0,0.0,0.0,0.0,0.0,0.06258351893095769,0.0,562000.0,0.06258351893095769,-19000.0,581000.0,0.06469933184855234,0.0,0.0,0.0,0.0,,
0,2006-09-30,ASRV,2006-11-06,2006-11-06 10:02:55,Q3,9346000.0,0.0,0.0,0.0,0.0,4600000.0,0.0,0.0,0.0,0.0,5796000.0,0.0,0.0,0.0,0.0,0.08367215921249732,0.0,782000.0,0.08367215921249732,139000.0,643000.0,0.06879948641129895,0.03,0.03,22148000,22156000,https://www.sec.gov/Archives/edgar/data/707605/000070760506000202/0000707605-06-000202-index.htm,https://www.sec.gov/Archives/edgar/data/707605/000070760506000202/q3rd2006.htm
0,2006-06-30,ASRV,2006-08-07,2006-08-07 14:04:30,Q2,9459000.0,0.0,0.0,0.0,0.0,4612000.0,0.0,0.0,0.0,0.0,5223000.0,0.0,0.0,0.0,0.0,0.07738661592134476,0.0,732000.0,0.07738661592134476,164000.0,568000.0,0.06004863093350248,0.03,0.03,22143000,22153000,https://www.sec.gov/Archives/edgar/data/707605/000070760506000148/0000707605-06-000148-index.htm,https://www.sec.gov/Archives/edgar/data/707605/000070760506000148/junq06.htm
0,2006-03-31,ASRV,2006-05-08,2006-05-08 13:56:58,Q1,9534000.0,0.0,0.0,0.0,0.0,4815000.0,0.0,0.0,0.0,0.0,4887000.0,0.0,0.0,0.0,0.0,0.07090413257814139,0.0,676000.0,0.07090413257814139,136000.0,540000.0,0.056639395846444306,0.02,0.02,22119000,22127000,https://www.sec.gov/Archives/edgar/data/707605/000070760506000094/0000707605-06-000094-index.htm,https://www.sec.gov/Archives/edgar/data/707605/000070760506000094/q06mar.htm
0,2005-12-31,ASRV,,,Q4,9591000.0,0.0,0.0,0.0,0.0,4827000.0,0.0,0.0,0.0,0.0,4621000.0,0.0,0.0,0.0,0.0,0.031070795537483056,0.0,298000.0,0.031070795537483056,89000.0,220000.0,0.0229381712021687,0.0,0.0,0.0,0.0,,
0,2005-09-30,ASRV,2005-11-07,2005-11-07 11:12:57,Q3,6116000.0,0.0,0.0,0.0,0.0,4804000.0,0.0,0.0,0.0,0.0,6015000.0,0.0,0.0,0.0,0.0,-2.65892740353172,0.0,-16262000,-2.65892740353172,-5689000.0,-10564000,-1.7272727272727273,-0.53,-0.53,19785000,19785000,https://www.sec.gov/Archives/edgar/data/707605/000070760505000225/0000707605-05-000225-index.htm,https://www.sec.gov/Archives/edgar/data/707605/000070760505000225/q3rd05.htm
0,2005-06-30,ASRV,2005-08-11,2005-08-11 15:20:10,Q2,9171000.0,0.0,0.0,0.0,0.0,4680000.0,0.0,0.0,0.0,0.0,5721000.0,0.0,0.0,0.0,0.0,0.058881256133464184,0.0,540000.0,0.058881256133464184,96000.0,370000.0,0.040344564387743975,0.02,0.02,19726000,19765000,https://www.sec.gov/Archives/edgar/data/707605/000070760505000175/0000707605-05-000175-index.htm,https://www.sec.gov/Archives/edgar/data/707605/000070760505000175/f2ndq2005.htm
0,2005-03-31,ASRV,2005-05-10,2005-05-10 16:02:49,Q1,9443000.0,0.0,0.0,0.0,0.0,4751000.0,0.0,0.0,0.0,0.0,5396000.0,0.0,0.0,0.0,0.0,0.05294927459493805,0.0,500000.0,0.05294927459493805,-398000.0,833000.0,0.08821349147516679,0.04,0.04,19721000,19760000,https://www.sec.gov/Archives/edgar/data/707605/000070760505000133/0000707605-05-000133-index.htm,https://www.sec.gov/Archives/edgar/data/707605/000070760505000133/marq105.htm
0,2004-12-31,ASRV,,,Q4,7955000.0,0.0,0.0,0.0,0.0,4402000.0,0.0,0.0,0.0,0.0,6176000.0,0.0,0.0,0.0,0.0,-1.8947831552482715,0.0,-15073000,-1.8947831552482715,-5325000.0,-10941000,-1.3753614079195475,0.0,0.0,0.0,0.0,,
0,2004-09-30,ASRV,2004-11-09,2004-11-09 15:06:51,Q3,9828000.0,0.0,0.0,0.0,0.0,4893000.0,0.0,0.0,0.0,0.0,7046000.0,0.0,0.0,0.0,0.0,0.028184778184778186,0.0,277000.0,0.028184778184778186,-465000.0,742000.0,0.0754985754985755,0.05,0.05,13976000,14010000,https://www.sec.gov/Archives/edgar/data/707605/000070760504000192/0000707605-04-000192-index.htm,https://www.sec.gov/Archives/edgar/data/707605/000070760504000192/sepq04.htm
0,2004-06-30,ASRV,2004-08-09,2004-08-09 15:10:30,Q2,9418000.0,0.0,0.0,0.0,0.0,4803000.0,0.0,0.0,0.0,0.0,6709000.0,0.0,0.0,0.0,0.0,0.02155447016351667,0.0,203000.0,0.02155447016351667,-51000.0,254000.0,0.026969632618390315,0.02,0.02,13969000,14024000,https://www.sec.gov/Archives/edgar/data/707605/000070760504000152/0000707605-04-000152-index.htm,https://www.sec.gov/Archives/edgar/data/707605/000070760504000152/q2nd04.htm
0,2004-03-31,ASRV,2004-05-13,2004-05-13 13:23:33,Q1,10277000,0.0,0.0,0.0,0.0,4915000.0,0.0,0.0,0.0,0.0,6707000.0,0.0,0.0,0.0,0.0,0.021601634718303005,0.0,222000.0,0.021601634718303005,-4000.0,226000.0,0.021990853361876034,0.02,0.02,13962000,14026000,https://www.sec.gov/Archives/edgar/data/707605/000070760504000099/0000707605-04-000099-index.htm,https://www.sec.gov/Archives/edgar/data/707605/000070760504000099/marq04.htm
0,2003-12-31,ASRV,,,Q4,9725000.0,0.0,0.0,0.0,0.0,4688000.0,0.0,0.0,0.0,0.0,7089000.0,0.0,0.0,0.0,0.0,0.008431876606683805,0.0,82000.0,0.008431876606683805,-98000.0,180000.0,0.018508997429305913,0.0,0.0,0.0,0.0,,
0,2003-09-30,ASRV,2003-11-12,2003-11-12 11:26:35,Q3,9678000.0,0.0,0.0,0.0,0.0,4729000.0,0.0,0.0,0.0,0.0,7383000.0,0.0,0.0,0.0,0.0,0.018805538334366604,0.0,182000.0,0.018805538334366604,-67000.0,249000.0,0.025728456292622444,0.02,0.02,13946000,13955000,https://www.sec.gov/Archives/edgar/data/707605/000070760503000250/0000707605-03-000250-index.htm,https://www.sec.gov/Archives/edgar/data/707605/000070760503000250/q903.htm
0,2003-06-30,ASRV,2003-08-11,2003-08-11 14:44:20,Q2,11529000,0.0,0.0,0.0,0.0,4717000.0,0.0,0.0,0.0,0.0,7792000.0,0.0,0.0,0.0,0.0,0.10486599011189175,0.0,1209000.0,0.10486599011189175,294000.0,915000.0,0.07936507936507936,0.07,0.07,13935000,13940000,https://www.sec.gov/Archives/edgar/data/707605/000070760503000198/0000707605-03-000198-index.htm,https://www.sec.gov/Archives/edgar/data/707605/000070760503000198/formq203.htm
0,2003-03-31,ASRV,2003-05-09,2003-05-09 09:25:46,Q1,10642000,0.0,0.0,0.0,0.0,4789000.0,0.0,0.0,0.0,0.0,8096000.0,0.0,0.0,0.0,0.0,-0.10684081939485059,0.0,-1137000.0,-0.10684081939485059,-342000.0,-795000.0,-0.07470400300695358,-0.06,-0.06,13923000,13923000,https://www.sec.gov/Archives/edgar/data/707605/000070760503000130/0000707605-03-000130-index.htm,https://www.sec.gov/Archives/edgar/data/707605/000070760503000130/marq03.htm
0,2002-12-31,ASRV,,,Q4,11770000,0.0,0.0,0.0,0.0,4982000.0,0.0,0.0,0.0,0.0,8798000.0,0.0,0.0,0.0,0.0,-0.26601529311809685,0.0,-3131000.0,-0.26601529311809685,-1169000.0,-1962000.0,-0.16669498725573492,0.0,0.0,0.0,0.0,,
0,2002-09-30,ASRV,2002-11-13,2002-11-13 13:34:40,Q3,11723000,0.0,0.0,0.0,0.0,5342000.0,0.0,0.0,0.0,0.0,9408000.0,0.0,0.0,0.0,0.0,-0.5682845687963832,0.0,-6662000.0,-0.5682845687963832,-2438000.0,-4224000.0,-0.36031732491683016,-0.31,-0.31,13800000,13801000,https://www.sec.gov/Archives/edgar/data/707605/000070760502000030/0000707605-02-000030-index.htm,https://www.sec.gov/Archives/edgar/data/707605/000070760502000030/septq02.htm
0,2002-06-30,ASRV,2002-08-14,2002-08-14 13:27:50,Q2,12331000,0.0,0.0,0.0,0.0,5128000.0,0.0,0.0,0.0,0.0,9764000.0,0.0,0.0,0.0,0.0,0.037304354877949884,0.0,460000.0,0.037304354877949884,52000.0,408000.0,0.033087340848268594,0.03,0.03,13748000,13779000,https://www.sec.gov/Archives/edgar/data/707605/000070760502000008/0000707605-02-000008-index.htm,https://www.sec.gov/Archives/edgar/data/707605/000070760502000008/testqa02.htm
0,2002-03-31,ASRV,2002-05-09,2002-05-09 12:29:27,Q1,11231000,0.0,0.0,0.0,0.0,5145000.0,0.0,0.0,0.0,0.0,10677000,0.0,0.0,0.0,0.0,0.06731368533523284,0.0,756000.0,0.06731368533523284,130000.0,626000.0,0.05573858071409492,0.05,0.05,13689478,13712382,https://www.sec.gov/Archives/edgar/data/707605/000070760502000004/0000707605-02-000004-index.htm,https://www.sec.gov/Archives/edgar/data/707605/000070760502000004/f1stq02.htm
0,2001-12-31,ASRV,,,Q4,11818000,0.0,0.0,0.0,0.0,5145000.0,0.0,0.0,0.0,0.0,11883000,0.0,0.0,0.0,0.0,0.04129294296835336,0.0,488000.0,0.04129294296835336,87000.0,401000.0,0.033931291250634626,0.0,0.0,0.0,0.0,,
0,2001-09-30,ASRV,2001-11-09,2001-11-09 00:00:00,Q3,12178000,0.0,0.0,0.0,0.0,4877000.0,0.0,0.0,0.0,0.0,13698000,0.0,0.0,0.0,0.0,0.019297093118738708,0.0,235000.0,0.019297093118738708,-5000.0,240000.0,0.019707669568073575,0.02,0.02,13588753,13629424,https://www.sec.gov/Archives/edgar/data/707605/000070760501500019/0000707605-01-500019-index.htm,https://www.sec.gov/Archives/edgar/data/707605/000070760501500019/q3rd01a.htm
0,2001-06-30,ASRV,2001-08-10,2001-08-10 00:00:00,Q2,10832000,0.0,0.0,0.0,0.0,4716000.0,0.0,0.0,0.0,0.0,13821000,0.0,0.0,0.0,0.0,0.07330132939438701,0.0,794000.0,0.07330132939438701,156000.0,638000.0,0.058899556868537664,0.05,0.05,13543592,13559755,https://www.sec.gov/Archives/edgar/data/707605/000070760501500013/0000707605-01-500013-index.htm,https://www.sec.gov/Archives/edgar/data/707605/000070760501500013/juneq01.htm
0,2001-03-31,ASRV,2001-05-14 00:00:00,2001-05-14 00:00:00,Q1,11445000,0.0,0.0,0.0,0.0,4847000.0,0.0,0.0,0.0,0.0,14059000,0.0,0.0,0.0,0.0,0.07601572739187418,0.0,870000.0,0.07601572739187418,174000.0,696000.0,0.06081258191349934,0.05,0.05,13495422,13497986,https://www.sec.gov/Archives/edgar/data/707605/000070760501500010/0000707605-01-500010-index.html,https://www.sec.gov/Archives/edgar/data/707605/000070760501500010/map.jpg
0,2000-12-31,ASRV,,,Q4,10994000,0.0,0.0,0.0,0.0,5116000.0,0.0,0.0,0.0,0.0,14390000,0.0,0.0,0.0,0.0,-0.28388211751864656,0.0,-3121000.0,-0.28388211751864656,-1163000.0,-1958000.0,-0.17809714389667092,0.0,0.0,0.0,0.0,,
0,2000-09-30,ASRV,2000-11-13 00:00:00,2000-11-13 00:00:00,Q3,11785000,0.0,0.0,0.0,0.0,4932000.0,0.0,0.0,0.0,0.0,14701000,0.0,0.0,0.0,0.0,0.10657615613067459,0.0,1256000.0,0.10657615613067459,203000.0,1053000.0,0.0893508697496818,0.08,0.08,13387576,13387923,https://www.sec.gov/Archives/edgar/data/707605/000070760500000006/0000707605-00-000006-index.html,https://www.sec.gov/Archives/edgar/data/707605/000070760500000006/0000707605-00-000006-0001.txt
0,2000-06-30,ASRV,2000-08-14 00:00:00,2000-08-14 00:00:00,Q2,12029000,0.0,0.0,0.0,0.0,5073000.0,0.0,0.0,0.0,0.0,14635000,0.0,0.0,0.0,0.0,0.007398786266522571,0.0,89000.0,0.007398786266522571,79000.0,10000.0,0.0008313242996092775,0.0,0.0,13331915,13333903,https://www.sec.gov/Archives/edgar/data/707605/000070760500000005/0000707605-00-000005-index.html,https://www.sec.gov/Archives/edgar/data/707605/000070760500000005/0000707605-00-000005-0001.txt
0,2000-03-31,ASRV,2000-05-11 00:00:00,2000-05-11 00:00:00,Q1,19260000,0.0,0.0,0.0,0.0,8184000.0,0.0,0.0,0.0,0.0,26113000,0.0,0.0,0.0,0.0,0.10456905503634475,0.0,2014000.0,0.10456905503634475,-597000.0,2611000.0,0.13556593977154724,0.2,0.2,13318966,13330006,https://www.sec.gov/Archives/edgar/data/707605/000070760500000003/0000707605-00-000003-index.html,https://www.sec.gov/Archives/edgar/data/707605/0000707605-00-000003.txt
0,1999-12-31,ASRV,,,Q4,21100000,0.0,0.0,0.0,0.0,7900000.0,0.0,0.0,0.0,0.0,25700000,0.0,0.0,0.0,0.0,0.2890995260663507,0.0,6100000.0,0.2890995260663507,1400000.0,4700000.0,0.22274881516587677,0.0,0.0,0.0,0.0,,
0,1999-09-30,ASRV,1999-11-12 00:00:00,1999-11-12 00:00:00,Q3,22100000,0.0,0.0,0.0,0.0,8000000.0,0.0,0.0,0.0,0.0,25200000,0.0,0.0,0.0,0.0,0.31221719457013575,0.0,6900000.0,0.31221719457013575,1800000.0,5100000.0,0.23076923076923078,0.38,0.38,13421053,13421053,https://www.sec.gov/Archives/edgar/data/707605/000070760599000007/0000707605-99-000007-index.html,https://www.sec.gov/Archives/edgar/data/707605/0000707605-99-000007.txt
0,1999-06-30,ASRV,1999-08-12 00:00:00,1999-08-12 00:00:00,Q2,24700000,0.0,0.0,0.0,0.0,8200000.0,0.0,0.0,0.0,0.0,24500000,0.0,0.0,0.0,0.0,0.29959514170040485,0.0,7400000.0,0.29959514170040485,1900000.0,5500000.0,0.22267206477732793,0.42,0.41,13095238,13414634,https://www.sec.gov/Archives/edgar/data/707605/000070760599000005/0000707605-99-000005-index.html,https://www.sec.gov/Archives/edgar/data/707605/0000707605-99-000005.txt
0,1999-03-31,ASRV,1999-05-14 00:00:00,1999-05-14 00:00:00,Q1,22300000,0.0,0.0,0.0,0.0,8000000.0,0.0,0.0,0.0,0.0,24100000,0.0,0.0,0.0,0.0,0.30493273542600896,0.0,6800000.0,0.30493273542600896,1800000.0,5000000.0,0.2242152466367713,0.37,0.37,13513514,13513514,https://www.sec.gov/Archives/edgar/data/707605/000070760599000002/0000707605-99-000002-index.html,https://www.sec.gov/Archives/edgar/data/707605/0000707605-99-000002.txt
0,1998-12-31,ASRV,,,Q4,21600000,0.0,0.0,0.0,0.0,7600000.0,0.0,0.0,0.0,0.0,24100000,0.0,0.0,0.0,0.0,0.2777777777777778,0.0,6000000.0,0.2777777777777778,1600000.0,4400000.0,0.2037037037037037,0.0,0.0,0.0,0.0,,
0,1998-09-30,ASRV,1998-11-13 00:00:00,1998-11-13 00:00:00,Q3,22400000,0.0,0.0,0.0,0.0,7700000.0,0.0,0.0,0.0,0.0,24100000,0.0,0.0,0.0,0.0,0.32142857142857145,0.0,7200000.0,0.32142857142857145,1900000.0,5300000.0,0.23660714285714285,0.39,0.38,13589744,13947368,https://www.sec.gov/Archives/edgar/data/707605/000070760598000007/0000707605-98-000007-index.html,https://www.sec.gov/Archives/edgar/data/707605/0000707605-98-000007.txt
0,1998-06-30,ASRV,1998-08-13 00:00:00,1998-08-13 00:00:00,Q2,22800000,0.0,0.0,0.0,0.0,7600000.0,0.0,0.0,0.0,0.0,22800000,0.0,0.0,0.0,0.0,0.34210526315789475,0.0,7800000.0,0.34210526315789475,2100000.0,5700000.0,0.25,0.41,0.4,13902439,14250000,https://www.sec.gov/Archives/edgar/data/707605/000070760598000006/0000707605-98-000006-index.html,https://www.sec.gov/Archives/edgar/data/707605/0000707605-98-000006.txt
0,1998-03-31,ASRV,1998-05-13 00:00:00,1998-05-13 00:00:00,Q1,22300000,0.0,0.0,0.0,0.0,7500000.0,0.0,0.0,0.0,0.0,22800000,0.0,0.0,0.0,0.0,0.34977578475336324,0.0,7800000.0,0.34977578475336324,2100000.0,5700000.0,0.2556053811659193,0.39,0.38,14615385,15000000,https://www.sec.gov/Archives/edgar/data/707605/000070760598000003/0000707605-98-000003-index.html,https://www.sec.gov/Archives/edgar/data/707605/0000707605-98-000003.txt
0,1997-12-31,ASRV,,,Q4,22200000,0.0,0.0,0.0,0.0,7200000.0,0.0,0.0,0.0,0.0,22600000,0.0,0.0,0.0,0.0,0.3738738738738739,0.0,8300000.0,0.3738738738738739,2300000.0,6000000.0,0.2702702702702703,0.0,0.0,0.0,0.0,,
0,1997-09-30,ASRV,1997-11-12 00:00:00,1997-11-12 00:00:00,Q3,22100000,0.0,0.0,0.0,0.0,7100000.0,0.0,0.0,0.0,0.0,22400000,0.0,0.0,0.0,0.0,0.38009049773755654,0.0,8400000.0,0.38009049773755654,2400000.0,6000000.0,0.27149321266968324,0.4,0.39,15000000,15384615,https://www.sec.gov/Archives/edgar/data/707605/000070760597000006/0000707605-97-000006-index.html,https://www.sec.gov/Archives/edgar/data/707605/0000707605-97-000006.txt
0,1997-06-30,ASRV,1997-08-11 00:00:00,1997-08-11 00:00:00,Q2,21700000,0.0,0.0,0.0,0.0,7000000.0,0.0,0.0,0.0,0.0,22000000,0.0,0.0,0.0,0.0,0.3778801843317972,0.0,8200000.0,0.3778801843317972,2400000.0,5800000.0,0.2672811059907834,0.39,0.38,14871795,15263158,https://www.sec.gov/Archives/edgar/data/707605/000070760597000005/0000707605-97-000005-index.html,https://www.sec.gov/Archives/edgar/data/707605/0000707605-97-000005.txt
0,1997-03-31,ASRV,1997-05-14 00:00:00,1997-05-14 00:00:00,Q1,21100000,0.0,0.0,0.0,0.0,6900000.0,0.0,0.0,0.0,0.0,20900000,0.0,0.0,0.0,0.0,0.3744075829383886,0.0,7900000.0,0.3744075829383886,2200000.0,5700000.0,0.27014218009478674,0.37,0.37,15405405,15405405,https://www.sec.gov/Archives/edgar/data/707605/000070760597000004/0000707605-97-000004-index.html,https://www.sec.gov/Archives/edgar/data/707605/0000707605-97-000004.txt
0,1996-12-31,ASRV,1997-03-21 00:00:00,1997-03-21 00:00:00,Q4,20600000,0.0,0.0,0.0,0.0,6700000.0,0.0,0.0,0.0,0.0,20000000,0.0,0.0,0.0,0.0,0.3640776699029126,0.0,7500000.0,0.3640776699029126,2000000.0,5500000.0,0.2669902912621359,0.0,0.0,0.0,0.0,https://www.sec.gov/Archives/edgar/data/707605/000070760597000003/0000707605-97-000003-index.html,https://www.sec.gov/Archives/edgar/data/707605/0000707605-97-000003.txt
0,1996-09-30,ASRV,1996-11-13 00:00:00,1996-11-13 00:00:00,Q3,20500000,0.0,0.0,0.0,0.0,6500000.0,0.0,0.0,0.0,0.0,19700000,0.0,0.0,0.0,0.0,0.28292682926829266,0.0,5800000.0,0.28292682926829266,1500000.0,4300000.0,0.2097560975609756,0.28,0.27,15357143,15925926,https://www.sec.gov/Archives/edgar/data/707605/000070760596000011/0000707605-96-000011-index.html,https://www.sec.gov/Archives/edgar/data/707605/0000707605-96-000011.txt
0,1996-06-30,ASRV,1996-08-13 00:00:00,1996-08-13 00:00:00,Q2,19600000,0.0,0.0,0.0,0.0,6200000.0,0.0,0.0,0.0,0.0,18200000,0.0,0.0,0.0,0.0,0.3673469387755102,0.0,7200000.0,0.3673469387755102,1900000.0,5300000.0,0.27040816326530615,0.34,0.34,15588235,15588235,https://www.sec.gov/Archives/edgar/data/707605/000070760596000004/0000707605-96-000004-index.html,https://www.sec.gov/Archives/edgar/data/707605/0000707605-96-000004.txt
0,1996-03-31,ASRV,1996-05-14 00:00:00,1996-05-14 00:00:00,Q1,19000000,0.0,0.0,0.0,0.0,6100000.0,0.0,0.0,0.0,0.0,18300000,0.0,0.0,0.0,0.0,0.3526315789473684,0.0,6700000.0,0.3526315789473684,1800000.0,4900000.0,0.2578947368421053,0.31,0.31,15806452,15806452,https://www.sec.gov/Archives/edgar/data/707605/000070760596000003/0000707605-96-000003-index.html,https://www.sec.gov/Archives/edgar/data/707605/0000707605-96-000003.txt
0,1995-12-31,ASRV,1996-03-25 00:00:00,1996-03-25 00:00:00,Q4,18400000,0.0,0.0,0.0,0.0,6300000.0,0.0,0.0,0.0,0.0,19100000,0.0,0.0,0.0,0.0,0.29891304347826086,0.0,5500000.0,0.29891304347826086,1400000.0,4100000.0,0.22282608695652173,0.0,0.0,0.0,0.0,https://www.sec.gov/Archives/edgar/data/707605/000070760596000002/0000707605-96-000002-index.html,https://www.sec.gov/Archives/edgar/data/707605/0000707605-96-000002.txt
0,1995-09-30,ASRV,1995-11-14 00:00:00,1995-11-14 00:00:00,Q3,18000000,0.0,0.0,0.0,0.0,6400000.0,0.0,0.0,0.0,0.0,18800000,0.0,0.0,0.0,0.0,0.29444444444444445,0.0,5300000.0,0.29444444444444445,1400000.0,3900000.0,0.21666666666666667,0.24,0.24,16250000,16250000,https://www.sec.gov/Archives/edgar/data/707605/000070760595000014/0000707605-95-000014-index.html,https://www.sec.gov/Archives/edgar/data/707605/0000707605-95-000014.txt
0,1995-06-30,ASRV,1995-08-14 00:00:00,1995-08-14 00:00:00,Q2,18000000,0.0,0.0,0.0,0.0,6200000.0,0.0,0.0,0.0,0.0,18300000,0.0,0.0,0.0,0.0,0.3,0.0,5400000.0,0.3,1500000.0,3900000.0,0.21666666666666667,0.23,0.23,16956522,16956522,https://www.sec.gov/Archives/edgar/data/707605/000070760595000010/0000707605-95-000010-index.html,https://www.sec.gov/Archives/edgar/data/707605/0000707605-95-000010.txt
0,1995-03-31,ASRV,1995-05-15 00:00:00,1995-05-15 00:00:00,Q1,18200000,0.0,0.0,0.0,0.0,6400000.0,0.0,0.0,0.0,0.0,17500000,0.0,0.0,0.0,0.0,0.3076923076923077,0.0,5600000.0,0.3076923076923077,1700000.0,3900000.0,0.21428571428571427,0.23,0.23,16956522,16956522,https://www.sec.gov/Archives/edgar/data/707605/000070760595000006/0000707605-95-000006-index.html,https://www.sec.gov/Archives/edgar/data/707605/0000707605-95-000006.txt
0,1994-12-31,ASRV,1995-03-15 00:00:00,1995-03-15 00:00:00,Q4,14400000,0.0,0.0,0.0,0.0,6200000.0,0.0,0.0,0.0,0.0,16400000,0.0,0.0,0.0,0.0,0.375,0.0,5400000.0,0.375,1700000.0,3700000.0,0.2569444444444444,0.0,0.0,0.0,0.0,https://www.sec.gov/Archives/edgar/data/707605/000070760595000001/0000707605-95-000001-index.html,https://www.sec.gov/Archives/edgar/data/707605/0000707605-95-000001.txt
0,1994-09-30,ASRV,1994-11-14 00:00:00,1994-11-14 00:00:00,Q3,19100000,0.0,0.0,0.0,0.0,6500000.0,0.0,0.0,0.0,0.0,13800000,0.0,0.0,0.0,0.0,0.2931937172774869,0.0,5600000.0,0.2931937172774869,1900000.0,3700000.0,0.193717277486911,0.22,0.22,16818182,16818182,https://www.sec.gov/Archives/edgar/data/707605/000070760594000020/0000707605-94-000020-index.html,https://www.sec.gov/Archives/edgar/data/707605/0000707605-94-000020.txt
0,1994-06-30,ASRV,1994-08-15 00:00:00,1994-08-15 00:00:00,Q2,15000000,0.0,0.0,0.0,0.0,5200000.0,0.0,0.0,0.0,0.0,8700000.0,0.0,0.0,0.0,0.0,0.12,0.0,1800000.0,0.12,900000.0,900000.0,0.06,0.06,0.06,15000000,15000000,https://www.sec.gov/Archives/edgar/data/707605/000070760594000018/0000707605-94-000018-index.html,https://www.sec.gov/Archives/edgar/data/707605/0000707605-94-000018.txt
0,1994-03-31,ASRV,1994-05-13 00:00:00,1994-05-13 00:00:00,Q1,15600000,0.0,0.0,0.0,0.0,5300000.0,0.0,0.0,0.0,0.0,8200000.0,0.0,0.0,0.0,0.0,0.28846153846153844,0.0,4500000.0,0.28846153846153844,1500000.0,3000000.0,0.19230769230769232,0.21,0.21,14285714,14285714,https://www.sec.gov/Archives/edgar/data/707605/000070760594000007/0000707605-94-000007-index.html,https://www.sec.gov/Archives/edgar/data/707605/0000707605-94-000007.txt
