,date,symbol,fillingDate,acceptedDate,period,revenue,costOfRevenue,grossProfit,grossProfitRatio,researchAndDevelopmentExpenses,generalAndAdministrativeExpenses,sellingAndMarketingExpenses,otherExpenses,operatingExpenses,costAndExpenses,interestExpense,depreciationAndAmortization,ebitda,ebitdaratio,operatingIncome,operatingIncomeRatio,totalOtherIncomeExpensesNet,incomeBeforeTax,incomeBeforeTaxRatio,incomeTaxExpense,netIncome,netIncomeRatio,eps,epsdiluted,weightedAverageShsOut,weightedAverageShsOutDil,link,finalLink
0,2020-09-30,CLDB,2020-11-05,2020-11-05 10:25:29,Q3,6671000.0,0.0,6671000.0,1.0,0.0,0.0,64000.0,841000.0,905000.0,905000.0,-868000.0,0.0,2522000.0,0.37805426472792686,2522000.0,0.37805426472792686,14000.0,2522000.0,0.37805426472792686,360000.0,2162000.0,0.32408934192774697,0.51,0.51,4172260.0,4172260.0,https://www.sec.gov/Archives/edgar/data/774569/000143774920022682/0001437749-20-022682-index.htm,https://www.sec.gov/Archives/edgar/data/774569/000143774920022682/cldb20200930_10q.htm
0,2020-06-30,CLDB,2020-08-10,2020-08-10 12:55:05,Q2,7329000.0,0.0,7329000.0,1.0,0.0,5028000.0,35000.0,836000.0,6032000.0,2463000.0,1004000.0,631000.0,3936000.0,-0.492719486081,2301000.0,-0.492719486081,14000.0,2301000.0,-0.492719486081,369000.0,1932000.0,-0.413704496788,0.46306,0.46306,4172260.0,4172260.0,https://www.sec.gov/Archives/edgar/data/774569/000143774920017259/0001437749-20-017259-index.htm,https://www.sec.gov/Archives/edgar/data/774569/000143774920017259/cldb20200608_10q.htm
0,2020-03-31,CLDB,2020-05-14,2020-05-14 10:55:50,Q1,7157000.0,1225000.0,5932000.0,0.8288388989800196,0.0,5580000.0,57000.0,928000.0,6805000.0,2766000.0,1225000.0,595000.0,3397000.0,0.276424189308,1577000.0,0.276424189308,56000.0,1577000.0,0.276424189308,206000.0,1371000.0,0.240315512708,0.32288,0.32288,4246120.0,4246120.0,https://www.sec.gov/Archives/edgar/data/774569/000156459020025317/0001564590-20-025317-index.htm,https://www.sec.gov/Archives/edgar/data/774569/000156459020008875/cldb-10k_20191231.htm
0,2019-12-31,CLDB,2020-03-05,2020-03-05 12:33:19,Q4,7380000.0,1387000.0,5993000.0,0.812059620596206,0.0,5083000.0,112000.0,858000.0,6470000.0,2762000.0,1387000.0,587000.0,4271000.0,0.751531203443,2297000.0,0.38023506042,64000.0,2297000.0,0.38023506042,393000.0,1904000.0,0.315179606025,0.43765,0.43765,4350480.0,4350480.0,https://www.sec.gov/Archives/edgar/data/774569/000156459020008875/0001564590-20-008875-index.htm,https://www.sec.gov/Archives/edgar/data/774569/000156459020008875/cldb-10k_20191231.htm
0,2019-09-30,CLDB,2019-11-07,2019-11-07 12:33:02,Q3,7249000.0,1402000.0,5847000.0,0.8065940129673058,0.0,4941000.0,78000.0,831000.0,6343000.0,2622000.0,1402000.0,573000.0,4283000.0,0.396427344555,2308000.0,0.396427344555,90000.0,2308000.0,0.396427344555,363000.0,1945000.0,0.334077636551,0.44613,0.44613,4359700.0,4359700.0,https://www.sec.gov/Archives/edgar/data/774569/000156459019041503/0001564590-19-041503-index.htm,https://www.sec.gov/Archives/edgar/data/774569/000156459019041503/cldb-10q_20190930.htm
0,2019-06-30,CLDB,2019-08-08,2019-08-08 11:15:34,Q2,7054000.0,1399000.0,5655000.0,0.8016728097533314,0.0,5519000.0,103000.0,928000.0,6918000.0,3070000.0,1399000.0,550999.9999999999,3485000.0,0.255748083972,1535000.0,0.255748083972,87000.0,1535000.0,0.255748083972,207000.0,1328000.0,0.22125958014,0.30518,0.30518,4351480.0,4351480.0,https://www.sec.gov/Archives/edgar/data/774569/000156459019030505/0001564590-19-030505-index.htm,https://www.sec.gov/Archives/edgar/data/774569/000156459019030505/cldb-10q_20190630.htm
0,2019-03-31,CLDB,2019-05-09,2019-05-09 11:44:52,Q1,7428000.0,1366000.0,6062000.0,0.816101238556812,0.0,4927000.0,95000.0,813000.0,6293000.0,2744000.0,1366000.0,532000.0,4399000.0,0.401831619537,2501000.0,0.401831619537,58000.0,2501000.0,0.401831619537,396000.0,2105000.0,0.338206940874,0.48544,0.48544,4336240.0,4336240.0,https://www.sec.gov/Archives/edgar/data/774569/000156459019017710/0001564590-19-017710-index.htm,https://www.sec.gov/Archives/edgar/data/774569/000156459019006746/cldb-10k_20181231.htm
0,2018-12-31,CLDB,2019-03-07,2019-03-07 15:38:27,Q4,7208000.0,1236000.0,5972000.0,0.8285238623751388,0.0,4718000.0,83000.0,869000.0,5954000.0,2601000.0,1236000.0,514999.9999999999,4241000.0,0.221857973959,2490000.0,0.114969064549,40000.0,2490000.0,0.114969064549,466000.0,2024000.0,0.0934527657217,0.46665,0.46665,4337340.0,4337340.0,https://www.sec.gov/Archives/edgar/data/774569/000156459019006746/0001564590-19-006746-index.htm,https://www.sec.gov/Archives/edgar/data/774569/000156459019006746/cldb-10k_20181231.htm
0,2018-09-30,CLDB,2018-11-08,2018-11-08 14:59:13,Q3,6960000.0,1150000.0,5810000.0,0.8347701149425287,0.0,4610000.0,76000.0,772000.0,5760000.0,2592000.0,1150000.0,580000.0000000001,4090000.0,4.14411247803,2360000.0,4.14411247803,41000.0,2360000.0,4.14411247803,390000.0,1970000.0,3.46572934974,0.45392,0.45392,4340000.0,4340000.0,https://www.sec.gov/Archives/edgar/data/774569/000156459018028459/0001564590-18-028459-index.htm,https://www.sec.gov/Archives/edgar/data/774569/000156459018028459/cldb-10q_20180930.htm
0,2018-06-30,CLDB,2018-08-09,2018-08-09 14:06:30,Q2,8290000.0,1020000.0,7270000.0,0.8769601930036188,0.0,4670000.0,89000.0,798000.0,5690000.0,2617000.0,1020000.0,570000.0,5210000.0,-0.813833370761,3620000.0,-0.813833370761,53000.0,3620000.0,-0.813833370761,320000.0,3300000.0,-0.741522569055,0.75515,0.75515,4370000.0,4370000.0,https://www.sec.gov/Archives/edgar/data/774569/000156459018020911/0001564590-18-020911-index.htm,https://www.sec.gov/Archives/edgar/data/774569/000156459018020911/cldb-10q_20180630.htm
0,2018-03-31,CLDB,2018-05-10,2018-05-10 15:25:39,Q1,6600000.0,980000.0,5620000.0,0.8515151515151516,0.0,4830000.0,74000.0,710000.0,5810000.0,2450000.0,980000.0,650000.0,3410000.0,0.317954220315,1780000.0,0.317954220315,28000.0,1780000.0,0.317954220315,240000.0,1540000.0,0.274856938484,0.35,0.35,4400000.0,4400000.0,https://www.sec.gov/Archives/edgar/data/774569/000156459018012900/0001564590-18-012900-index.htm,https://www.sec.gov/Archives/edgar/data/774569/000156459018006552/cldb-10k_20171231.htm
0,2017-12-31,CLDB,2018-03-22,2018-03-22 14:53:28,Q4,6230000.0,850000.0,5380000.0,0.8635634028892456,0.0,4600000.0,96000.0,795000.0,5450000.0,2595000.0,850000.0,680000.0000000002,1910000.0000000002,0.825601211892,1630000.0,0.307706873698,22000.0,1630000.0,0.307706873698,360000.0,20000.0,0.00397651959856,0.00454,0.00454,4410000.0,4410000.0,https://www.sec.gov/Archives/edgar/data/774569/000156459018006552/0001564590-18-006552-index.htm,https://www.sec.gov/Archives/edgar/data/774569/000156459018006552/cldb-10k_20171231.htm
0,2017-09-30,CLDB,2017-11-09,2017-11-09 10:58:05,Q3,7250000.0,800000.0,6450000.0,0.8896551724137931,0.0,4770000.0,122000.0,764000.0,5570000.0,2673000.0,800000.0,700000.0,3990000.0,0.490715132359,2480000.0,0.490715132359,30000.0,2480000.0,0.490715132359,340000.0,2150000.0,0.424140655867,0.48753,0.48753,4410000.0,4410000.0,https://www.sec.gov/Archives/edgar/data/774569/000156459017023041/0001564590-17-023041-index.htm,https://www.sec.gov/Archives/edgar/data/774569/000156459017023041/cldb-10q_20170930.htm
0,2017-06-30,CLDB,2017-08-10,2017-08-10 15:01:41,Q2,6150000.0,780000.0,5370000.0,0.8731707317073171,0.0,4690000.0,158000.0,729000.0,5470000.0,2621000.0,780000.0,660000.0000000001,2910000.0,0.292313819196,1470000.0,0.292313819196,30000.0,1470000.0,0.292313819196,290000.0,1180000.0,0.235364396655,0.26757,0.26757,4410000.0,4410000.0,https://www.sec.gov/Archives/edgar/data/774569/000156459017017213/0001564590-17-017213-index.htm,https://www.sec.gov/Archives/edgar/data/774569/000156459017017213/cldb-10q_20170630.htm
0,2017-03-31,CLDB,2017-05-11,2017-05-11 15:35:30,Q1,5840000.0,760000.0,5080000.0,0.8698630136986302,0.0,4650000.0,102000.0,696000.0,5410000.0,2742000.0,760000.0,700000.0,2650000.0,0.241037067045,1190000.0,0.241037067045,16000.0,1190000.0,0.241037067045,190000.0,1000000.0,0.20255215718,0.22989,0.22989,4350000.0,4350000.0,https://www.sec.gov/Archives/edgar/data/774569/000156459017010507/0001564590-17-010507-index.htm,https://www.sec.gov/Archives/edgar/data/774569/000156459017005125/cldb-10k_20161231.htm
0,2016-12-31,CLDB,2017-03-23,2017-03-23 15:21:36,Q4,5910000.0,760000.0,5150000.0,0.871404399323181,0.0,4490000.0,125000.0,554000.0,5250000.0,2543000.0,760000.0,2770000.0,2170000.0,0.837134853942,1410000.0,0.282913165266,11000.0,1410000.0,0.282913165266,270000.0,1140000.0,0.228291316527,0.2585,0.2585,4410000.0,4410000.0,https://www.sec.gov/Archives/edgar/data/774569/000156459017005125/0001564590-17-005125-index.htm,https://www.sec.gov/Archives/edgar/data/774569/000156459017005125/cldb-10k_20161231.htm
0,2016-09-30,CLDB,2016-11-10,2016-11-10 13:10:57,Q3,6040000.0,740000.0,5300000.0,0.8774834437086093,0.0,4530000.0,130000.0,680000.0,5270000.0,2633000.0,740000.0,0.0,2250000.0,0.306691071792,1510000.0,0.306691071792,11000.0,1510000.0,0.306691071792,310000.0,1200000.0,0.243034370551,0.27211,0.27211,4410000.0,4410000.0,https://www.sec.gov/Archives/edgar/data/774569/000156459016028857/0001564590-16-028857-index.htm,https://www.sec.gov/Archives/edgar/data/774569/000156459016028857/cldb-10q_20160930.htm
0,2016-06-30,CLDB,2016-08-10,2016-08-10 15:45:33,Q2,6190000.0,720000.0,5470000.0,0.8836833602584814,0.0,4730000.0,151000.0,811000.0,5450000.0,2595000.0,720000.0,0.0,2170000.0,0.289185421231,1450000.0,0.289185421231,10000.0,1450000.0,0.289185421231,280000.0,1170000.0,0.233618801036,0.26531,0.26531,4410000.0,4410000.0,https://www.sec.gov/Archives/edgar/data/774569/000156459016023892/0001564590-16-023892-index.htm,https://www.sec.gov/Archives/edgar/data/774569/000156459016023892/cldb-10q_20160630.htm
0,2016-03-31,CLDB,2016-05-11,2016-05-11 16:00:35,Q1,6110000.0,690000.0,5420000.0,0.8870703764320785,0.0,4480000.0,121000.0,687000.0,5170000.0,2398000.0,690000.0,0.0,2310000.0,0.345458413104,1620000.0,0.345458413104,12000.0,1620000.0,0.345458413104,260000.0,1360000.0,0.2897255903,0.30909,0.30909,4400000.0,4400000.0,https://www.sec.gov/Archives/edgar/data/774569/000156459016019095/0001564590-16-019095-index.htm,https://www.sec.gov/Archives/edgar/data/774569/000156459016015228/cldb-10k_20151231.htm
0,2015-12-31,CLDB,2016-03-24,2016-03-24 15:19:35,Q4,5670000.0,680000.0,4990000.0,0.8800705467372134,0.0,4260000.0,454000.0,84000.0,4940000.0,2312000.0,680000.0,2534000.0,2090000.0,0.836089906701,1410000.0,0.29877014419,6000.0,1410000.0,0.29877014419,320000.0,1090000.0,0.230279898219,0.2455,0.2455,4440000.0,4440000.0,https://www.sec.gov/Archives/edgar/data/774569/000156459016015228/0001564590-16-015228-index.htm,https://www.sec.gov/Archives/edgar/data/774569/000156459016015228/cldb-10k_20151231.htm
0,2015-09-30,CLDB,2015-11-12,2015-11-12 15:31:25,Q3,5700000.0,650000.0,5050000.0,0.8859649122807017,0.0,4090000.0,0.0,941000.0,4740000.0,2163000.0,650000.0,0.0,2260000.0,0.344812742144,1600000.0,0.344812742144,4000.0,1600000.0,0.344812742144,380000.0,1230000.0,0.264098148945,0.27333,0.27333,4500000.0,4500000.0,https://www.sec.gov/Archives/edgar/data/774569/000156459015010559/0001564590-15-010559-index.htm,https://www.sec.gov/Archives/edgar/data/774569/000156459015010559/cldb-10q_20150930.htm
0,2015-06-30,CLDB,2015-08-11,2015-08-11 16:02:58,Q2,5440000.0,630000.0,4810000.0,0.8841911764705882,0.0,4320000.0,0.0,895000.0,4950000.0,2388000.0,630000.0,670000.0,2420000.0,0.314098360656,1120000.0,0.314098360656,4000.0,1120000.0,0.24393442623,200000.0,920000.0,0.200218579235,0.20309,0.20309,4530000.0,4530000.0,https://www.sec.gov/Archives/edgar/data/774569/000156459015006993/0001564590-15-006993-index.htm,https://www.sec.gov/Archives/edgar/data/774569/000156459015006993/cldb-10q_20150630.htm
0,2015-03-31,CLDB,2015-05-13,2015-05-13 12:16:28,Q1,5630000.0,650000.0,4980000.0,0.8845470692717584,0.0,4150000.0,0.0,682000.0,4800000.0,2448000.0,650000.0,590000.0,2710000.0,0.251477347341,1470000.0,0.251477347341,5000.0,1470000.0,0.28177113283496263,320000.0,1150000.0,0.251477347341,0.25386,0.25386,4530000.0,4530000.0,https://www.sec.gov/Archives/edgar/data/774569/000156459015004148/0001564590-15-004148-index.htm,https://www.sec.gov/Archives/edgar/data/774569/000156459015001931/cldb-10k_20141231.htm
0,2014-12-31,CLDB,2015-03-24,2015-03-24 15:44:23,Q4,5830000.0,690000.0,5140000.0,0.8816466552315609,0.0,5270000.0,0.0,897000.0,5960000.0,2348000.0,690000.0,630000.0000000001,1880000.0,0.668063520071,560000.0,0.124393471548,6000.0,560000.0,0.124393471548,20000.0,540000.0,0.119761799735,0.11921,0.11921,4530000.0,4530000.0,https://www.sec.gov/Archives/edgar/data/774569/000156459015001931/0001564590-15-001931-index.htm,https://www.sec.gov/Archives/edgar/data/774569/000156459015001931/cldb-10k_20141231.htm
0,2014-09-30,CLDB,2014-11-12,2014-11-12 16:14:30,Q3,5210000.0,730000.0,4480000.0,0.8598848368522073,0.0,4040000.0,0.0,726000.0,4770000.0,2299000.0,730000.0,630000.0000000001,2540000.0,0.267534841215,1170000.0,0.267534841215,5000.0,1170000.0,0.267534841215,220000.0,960000.0,0.218185972127,0.21192,0.21192,4530000.0,4530000.0,https://www.sec.gov/Archives/edgar/data/774569/000156459014005529/0001564590-14-005529-index.htm,https://www.sec.gov/Archives/edgar/data/774569/000156459014005529/cldb-10q_20140930.htm
0,2014-06-30,CLDB,2014-08-12,2014-08-12 13:58:03,Q2,5350000.0,730000.0,4620000.0,0.8635514018691589,0.0,4060000.0,0.0,736000.0,4790000.0,2306000.0,730000.0,630000.0,2650000.0,0.292244712304,1290000.0,0.292244712304,5000.0,1290000.0,0.292244712304,250000.0,1040000.0,0.236297475552,0.22958,0.22958,4530000.0,4530000.0,https://www.sec.gov/Archives/edgar/data/774569/000156459014003540/0001564590-14-003540-index.htm,https://www.sec.gov/Archives/edgar/data/774569/000156459014003540/cldb-10q_20140630.htm
0,2014-03-31,CLDB,2014-05-14,2014-05-14 12:56:02,Q1,5520000.0,740000.0,4780000.0,0.8659420289855072,0.0,3770000.0,0.0,616000.0,4510000.0,2194000.0,740000.0,580000.0,3070000.0,0.391459870333,1750000.0,0.391459870333,5000.0,1750000.0,0.391459870333,420000.0,1330000.0,0.297786720322,0.2936,0.2936,4530000.0,4530000.0,https://www.sec.gov/Archives/edgar/data/774569/000156459014002146/0001564590-14-002146-index.htm,https://www.sec.gov/Archives/edgar/data/774569/000156459014001079/cldb-10k_20131231.htm
0,2013-12-31,CLDB,2014-03-28,2014-03-28 14:27:50,Q4,3230000.0,790000.0,2440000.0,0.7554179566563467,0.0,4160000.0,0.0,3540000.0,4950000.0,2222000.0,790000.0,630000.0000000003,500000.0000000003,0.529398201522,-930000.0,-0.213281069864,30000.0,-930000.0,-0.213281069864,-460000.0,-460000.0,-0.106525247867,-0.10155,-0.10155,4530000.0,4530000.0,https://www.sec.gov/Archives/edgar/data/774569/000156459014001079/0001564590-14-001079-index.htm,https://www.sec.gov/Archives/edgar/data/774569/000156459014001079/cldb-10k_20131231.htm
0,2013-09-30,CLDB,2013-11-13,2013-11-13 16:25:33,Q3,5350000.0,840000.0,4510000.0,0.8429906542056075,0.0,4620000.0,0.0,982000.0,5460000.0,2599000.0,840000.0,829999.9999999998,2400000.0,0.177588306943,730000.0,0.177588306943,6000.0,730000.0,0.177588306943,110000.0,620000.0,0.150304506699,0.13687,0.13687,4530000.0,4530000.0,https://www.sec.gov/Archives/edgar/data/774569/000156459013001314/0001564590-13-001314-index.htm,https://www.sec.gov/Archives/edgar/data/774569/000156459013001314/cldb-10q_20131001.htm
0,2013-06-30,CLDB,2013-08-13,2013-08-13 17:22:37,Q2,5460000.0,860000.0,4600000.0,0.8424908424908425,0.0,4460000.0,0.0,871000.0,5320000.0,2545000.0,860000.0,840000.0,2700000.0,0.245833333333,1000000.0,0.245833333333,10000.0,1000000.0,0.245833333333,200000.0,800000.0,0.195833333333,0.1766,0.1766,4530000.0,4530000.0,https://www.sec.gov/Archives/edgar/data/774569/000156459013000335/0001564590-13-000335-index.htm,https://www.sec.gov/Archives/edgar/data/774569/000156459013000335/cldb-10q_20130630.htm
0,2013-03-31,CLDB,2013-05-15,2013-05-14 20:22:12,Q1,5400000.0,910000.0,4490000.0,0.8314814814814815,0.0,4340000.0,0.0,805000.0,5250000.0,2478000.0,910000.0,920000.0,2900000.0,0.257619738752,1070000.0,0.257619738752,6000.0,1070000.0,0.257619738752,240000.0,830000.0,0.200774068699,0.18322,0.18322,4530000.0,4530000.0,https://www.sec.gov/Archives/edgar/data/774569/000156459013000028/0001564590-13-000028-index.htm,https://www.sec.gov/Archives/edgar/data/774569/000119312513134262/d444283d10k.htm
0,2012-12-31,CLDB,2013-03-29,2013-03-29 13:34:20,Q4,5260000.0,970000.0,4290000.0,0.8155893536121673,0.0,6200000.0,0.0,2949000.0,7170000.0,2418000.0,970000.0,819999.9999999998,849999.9999999998,0.484357159169,-940000.0,-0.21443251884,-1838000.0,-940000.0,-0.21443251884,-480000.0,-460000.0,-0.105960264901,-0.10155,-0.10155,4530000.0,4530000.0,https://www.sec.gov/Archives/edgar/data/774569/000119312513134262/0001193125-13-134262-index.htm,https://www.sec.gov/Archives/edgar/data/774569/000119312513134262/d444283d10k.htm
0,2012-09-30,CLDB,2012-11-13,2012-11-13 16:12:23,Q3,5830000.0,1010000.0,4820000.0,0.8267581475128645,0.0,4150000.0,0.0,0.0,5160000.0,2208000.0,1010000.0,800000.0000000003,3500000.0000000005,0.409311348206,1690000.0,0.409311348206,1869000.0,1690000.0,0.409311348206,420000.0,1270000.0,0.306983511154,0.28035,0.28035,4530000.0,4530000.0,https://www.sec.gov/Archives/edgar/data/774569/000119312512467402/0001193125-12-467402-index.htm,https://www.sec.gov/Archives/edgar/data/774569/000119312512467402/d398702d10q.htm
0,2012-06-30,CLDB,2012-08-13,2012-08-13 12:08:17,Q2,5230000.0,1030000.0,4200000.0,0.8030592734225621,0.0,4020000.0,0.0,1367000.0,5050000.0,2071000.0,1030000.0,750000.0,2980000.0,0.286666666667,1200000.0,0.286666666667,12000.0,1200000.0,0.286666666667,250000.0,950000.0,0.226666666667,0.20971,0.20971,4530000.0,4530000.0,https://www.sec.gov/Archives/edgar/data/774569/000119312512351644/0001193125-12-351644-index.htm,https://www.sec.gov/Archives/edgar/data/774569/000119312512351644/d334152d10q.htm
0,2012-03-31,CLDB,2012-05-14,2012-05-14 17:25:05,Q1,4940000.0,1060000.0,3880000.0,0.7854251012145749,0.0,4130000.0,0.0,0.0,5190000.0,2009000.0,1060000.0,690000.0,2550000.0,0.189106342844,800000.0,0.189106342844,0.0,800000.0,0.189106342844,-360000.0,1160000.0,0.273284602688,0.25607,0.25607,4530000.0,4530000.0,https://www.sec.gov/Archives/edgar/data/774569/000119312512231719/0001193125-12-231719-index.htm,https://www.sec.gov/Archives/edgar/data/774569/000119312512140180/d304243d10k.htm
0,2011-12-31,CLDB,2012-03-29,2012-03-29 17:27:06,Q4,4880000.0,1120000.0,3760000.0,0.7704918032786885,0.0,3830000.0,0.0,536000.0,4950000.0,1937000.0,1120000.0,700000.0000000002,2860000.0,0.256713476226,1040000.0,0.256713476226,6000.0,1040000.0,0.256713476226,210000.0,830000.0,0.20399113082,0.18322,0.18322,4530000.0,4530000.0,https://www.sec.gov/Archives/edgar/data/774569/000119312512140180/0001193125-12-140180-index.htm,https://www.sec.gov/Archives/edgar/data/774569/000119312512140180/d304243d10k.htm
0,2011-09-30,CLDB,2011-11-14,2011-11-14 16:26:16,Q3,4990000.0,1160000.0,3830000.0,0.7675350701402806,0.0,3610000.0,0.0,526000.0,4770000.0,5429000.0,1160000.0,609999.9999999999,3140000.0,0.34280379901,1370000.0,0.34280379901,10000.0,1370000.0,0.34280379901,320000.0,1050000.0,0.263333062749,0.23179,0.23179,4530000.0,4530000.0,https://www.sec.gov/Archives/edgar/data/774569/000095012311098516/0000950123-11-098516-index.htm,https://www.sec.gov/Archives/edgar/data/774569/000095012311098516/c23633e10vq.htm
0,2011-06-30,CLDB,2011-08-15,2011-08-15 16:20:18,Q2,5480000.0,1200000.0,4280000.0,0.781021897810219,0.0,3690000.0,0.0,485000.0,4890000.0,485000.0,1200000.0,530000.0000000001,3510000.0,0.09928812289246909,1780000.0,0.0,18000.0,1780000.0,0.0,460000.0,1320000.0,0.247470962907456,0.28821,0.28821,4580000.0,4580000.0,https://www.sec.gov/Archives/edgar/data/774569/000095012311077585/0000950123-11-077585-index.htm,https://www.sec.gov/Archives/edgar/data/774569/000095012311077585/c20111e10vq.htm
0,2011-03-31,CLDB,2011-05-16,2011-05-16 17:07:17,Q1,4600000.0,1250000.0,3350000.0,0.7282608695652174,0.0,3530000.0,0.0,590000.0,4780000.0,590000.0,1250000.0,570000.0,2890000.0,-3.8125,1070000.0,-3.8125,17000.0,1070000.0,-3.8125,200000.0,870000.0,54.3125,0.19205,0.19205,4530000.0,4530000.0,https://www.sec.gov/Archives/edgar/data/774569/000095012311050884/0000950123-11-050884-index.htm,https://www.sec.gov/Archives/edgar/data/774569/000095012311031447/l42231e10vk.htm
0,2010-12-31,CLDB,2011-03-31,2011-03-31 15:37:43,Q4,4690000.0,1420000.0,3270000.0,0.697228144989339,0.0,3390000.0,77000.0,345000.0,4810000.0,422000.0,1420000.0,600000.0000000001,3320000.0,6.7251908396946565,1300000.0,-7.068702290076335,21000.0,1300000.0,-7.068702290076335,260000.0,1040000.0,7.908396946564886,0.22958,0.22958,4530000.0,4530000.0,https://www.sec.gov/Archives/edgar/data/774569/000095012311031447/0000950123-11-031447-index.htm,https://www.sec.gov/Archives/edgar/data/774569/000095012311031447/l42231e10vk.htm
0,2010-09-30,CLDB,2010-11-15,2010-11-15 15:56:54,Q3,3090000.0,1570000.0,1520000.0,0.4919093851132686,0.0,3320000.0,0.0,611000.0,4890000.0,611000.0,1570000.0,490000.0,1840000.0,-19.571428571428573,-230000.0,-19.571428571428573,28000.0,-230000.0,-19.571428571428573,-240000.0,20000.0,0.2698412698412698,0.00442,0.00442,4530000.0,4530000.0,https://www.sec.gov/Archives/edgar/data/774569/000095012310105630/0000950123-10-105630-index.htm,https://www.sec.gov/Archives/edgar/data/774569/000095012310105630/c08310e10vq.htm
0,2010-06-30,CLDB,2010-08-16,2010-08-16 15:42:41,Q2,5110000.0,1620000.0,3490000.0,0.6829745596868885,0.0,3330000.0,0.0,583000.0,4950000.0,583000.0,1620000.0,410000.0,3810000.0,-6.342105263157895,1780000.0,-6.342105263157895,20000.0,1780000.0,-6.342105263157895,460000.0,1320000.0,34.8421052631579,0.29139,0.29139,4530000.0,4530000.0,https://www.sec.gov/Archives/edgar/data/774569/000095012310077958/0000950123-10-077958-index.htm,https://www.sec.gov/Archives/edgar/data/774569/000095012310077958/c04928e10vq.htm
0,2010-03-31,CLDB,2010-05-17,2010-05-17 15:35:22,Q1,3950000.0,1760000.0,2190000.0,0.5544303797468354,0.0,2920000.0,0.0,478000.0,4680000.0,478000.0,1760000.0,310000.0,3110000.0,-67.25,1040000.0,-67.25,23000.0,1040000.0,-67.25,150000.0,890000.0,223.5,0.19647,0.19647,4530000.0,4530000.0,https://www.sec.gov/Archives/edgar/data/774569/000095012310050334/0000950123-10-050334-index.htm,https://www.sec.gov/Archives/edgar/data/774569/000095012310030841/l39007e10vk.htm
0,2009-12-31,CLDB,2010-03-31,2010-03-31 16:18:25,Q4,4260000.0,1970000.0,2290000.0,0.5375586854460094,0.0,3520000.0,195000.0,151000.0,5490000.0,346000.0,1970000.0,290000.00000000006,2990000.0,60.40625,740000.0,35.15625,32000.0,740000.0,35.15625,90000.0,640000.0,20.09375,0.14128,0.14128,4530000.0,4530000.0,https://www.sec.gov/Archives/edgar/data/774569/000095012310030841/0000950123-10-030841-index.htm,https://www.sec.gov/Archives/edgar/data/774569/000095012310030841/l39007e10vk.htm
0,2009-09-30,CLDB,2009-11-09,2009-11-09 17:19:36,Q3,1780000.0,2250000.0,-470000.0,-0.2640449438202247,0.0,3500000.0,0.0,538000.0,5750000.0,538000.0,2250000.0,170000.00000000003,700000.0,-4.6976744186046515,-1720000.0,-4.6976744186046515,55000.0,-1720000.0,-4.6976744186046515,-740000.0,-980000.0,-22.86046511627907,-0.21634,-0.21634,4530000.0,4530000.0,https://www.sec.gov/Archives/edgar/data/774569/000095012309060312/0000950123-09-060312-index.htm,https://www.sec.gov/Archives/edgar/data/774569/000095012309060312/c92212e10vq.htm
0,2009-06-30,CLDB,2009-08-10,2009-08-10 17:27:30,Q2,-3530000.0,0.0,3530000.0,-1.0,0.0,3630000.0,0.0,536000.0,6060000.0,536000.0,2430000.0,169999.99999999997,-4550000.0,-26.092436974789916,-7150000.0,-26.092436974789916,48000.0,-7150000.0,-26.092436974789916,-2550000.0,-4600000.0,-38.63865546218487,-1.01545,-1.01545,4530000.0,4530000.0,https://www.sec.gov/Archives/edgar/data/774569/000095012309033085/0000950123-09-033085-index.htm,https://www.sec.gov/Archives/edgar/data/774569/000095012309033085/c89075e10vq.htm
0,2009-03-31,CLDB,2009-05-15,2009-05-15 17:15:57,Q1,1070000.0,2580000.0,-1510000.0,-1.411214953271028,0.0,3430000.0,0.0,558000.0,6010000.0,558000.0,2580000.0,180000.0,400000.0,92.73239436619718,-2360000.0,92.73239436619718,20000.0,-2360000.0,92.73239436619718,-960000.0,-1400000.0,-19.676056338028168,-0.30905,-0.30905,4530000.0,4530000.0,https://www.sec.gov/Archives/edgar/data/774569/000136231009007680/0001362310-09-007680-index.htm,https://www.sec.gov/Archives/edgar/data/774569/000095015209002685/l35077ae10vk.htm
0,2008-12-31,CLDB,2009-03-16,2009-03-16 16:51:28,Q4,3420000.0,2820000.0,600000.0,0.17543859649122806,0.0,4430000.0,345000.0,1632000.0,7250000.0,1977000.0,2820000.0,190000.00000000006,2010000.0,113.3,-1010000.0,88.03333333333333,21000.0,-1010000.0,88.03333333333333,-440000.0,-560000.0,78.43333333333334,-0.12444,-0.12444,4500000.0,4500000.0,https://www.sec.gov/Archives/edgar/data/774569/000095015209002685/0000950152-09-002685-index.htm,https://www.sec.gov/Archives/edgar/data/774569/000095015209002685/l35077ae10vk.htm
0,2008-09-30,CLDB,2008-11-10,2008-11-10 16:29:29,Q3,4730000.0,2920000.0,1810000.0,0.38266384778012685,0.0,3370000.0,0.0,1795000.0,6290000.0,1795000.0,2920000.0,209999.99999999997,4500000.0,74.44897959183673,1360000.0,74.44897959183673,35000.0,1360000.0,74.44897959183673,290000.0,1080000.0,59.53061224489796,0.24053,0.24053,4490000.0,4490000.0,https://www.sec.gov/Archives/edgar/data/774569/000136231008006986/0001362310-08-006986-index.htm,https://www.sec.gov/Archives/edgar/data/774569/000136231008006986/c76912e10vq.htm
0,2008-06-30,CLDB,2008-08-08,2008-08-08 12:36:42,Q2,4540000.0,3050000.0,1490000.0,0.32819383259911894,0.0,3580000.0,0.0,1182000.0,6630000.0,1182000.0,3050000.0,189999.99999999997,4210000.0,44.80392156862745,970000.0,44.80392156862745,65000.0,970000.0,44.80392156862745,160000.0,810000.0,36.05882352941177,0.18,0.18,4500000.0,4500000.0,https://www.sec.gov/Archives/edgar/data/774569/000136231008004343/0001362310-08-004343-index.htm,https://www.sec.gov/Archives/edgar/data/774569/000136231008004343/c74402e10vq.htm
0,2008-03-31,CLDB,2008-05-12,2008-05-12 14:30:20,Q1,4550000.0,3390000.0,1160000.0,0.2549450549450549,0.0,3240000.0,0.0,542000.0,6630000.0,542000.0,3390000.0,170000.0,4870000.0,25.80392156862745,1320000.0,25.80392156862745,79000.0,1320000.0,25.80392156862745,280000.0,1030000.0,20.274509803921568,0.2294,0.2294,4490000.0,4490000.0,https://www.sec.gov/Archives/edgar/data/774569/000095015208003835/0000950152-08-003835-index.htm,https://www.sec.gov/Archives/edgar/data/774569/000095015208002001/l29502ae10vk.htm
0,2007-12-31,CLDB,2008-03-17,2008-03-17 12:54:14,Q4,10000.0,0.0,10000.0,1.0,0.0,0.0,0.0,581000.0,581000.0,581000.0,-3623000.0,775000.0,2196000.0,219.6,1421000.0,142.1,13000.0,1421000.0,142.1,0.0,1116000.0,111.6,0.24886,0.24886,4484536.0,4484536.0,https://www.sec.gov/Archives/edgar/data/774569/000095015208002001/0000950152-08-002001-index.htm,https://www.sec.gov/Archives/edgar/data/774569/000095015208002001/l29502ae10vk.htm
0,2007-09-30,CLDB,2007-11-09,2007-11-09 13:52:16,Q3,35000.0,0.0,35000.0,1.0,0.0,0.0,0.0,488000.0,488000.0,488000.0,-3651000.0,0.0,1350000.0,38.57142857142857,1350000.0,38.57142857142857,67000.0,1350000.0,38.57142857142857,0.0,1075000.0,30.714285714285715,0.23933,0.23933,4491666.0,4491666.0,https://www.sec.gov/Archives/edgar/data/774569/000095015207008827/0000950152-07-008827-index.htm,https://www.sec.gov/Archives/edgar/data/774569/000095015207008827/l28751ae10vq.htm
0,2007-06-30,CLDB,2007-08-09,2007-08-09 15:14:09,Q2,27000.0,0.0,27000.0,1.0,0.0,0.0,0.0,588000.0,588000.0,588000.0,-3495000.0,0.0,1315000.0,48.7037037037037,1315000.0,48.7037037037037,172000.0,1315000.0,48.7037037037037,0.0,1057000.0,39.148148148148145,0.235,0.235,4497916.0,4497916.0,https://www.sec.gov/Archives/edgar/data/774569/000095015207006654/0000950152-07-006654-index.htm,https://www.sec.gov/Archives/edgar/data/774569/000095015207006654/l27417ae10vq.htm
0,2007-03-31,CLDB,2007-05-10,2007-05-10 13:11:08,Q1,16000.0,0.0,16000.0,1.0,0.0,0.0,0.0,449000.0,449000.0,449000.0,-3216000.0,0.0,1375000.0,85.9375,1375000.0,85.9375,114000.0,1375000.0,85.9375,0.0,1102000.0,68.875,0.24,0.24,4591666.0,4591666.0,https://www.sec.gov/Archives/edgar/data/774569/000095015207004259/0000950152-07-004259-index.htm,https://www.sec.gov/Archives/edgar/data/774569/000095015207002167/l23826ae10vk.htm
0,2006-12-31,CLDB,2007-03-15,2007-03-15 16:12:20,Q4,37000.0,0.0,37000.0,1.0,0.0,0.0,-145000.0,750000.0,605000.0,605000.0,-3166000.0,991000.0,2474000.0,66.86486486486487,1483000.0,40.08108108108108,132000.0,1483000.0,40.08108108108108,0.0,1182000.0,31.945945945945947,0.26347,0.26347,4486274.0,4486274.0,https://www.sec.gov/Archives/edgar/data/774569/000095015207002167/0000950152-07-002167-index.htm,https://www.sec.gov/Archives/edgar/data/774569/000095015207002167/l23826ae10vk.htm
0,2006-09-30,CLDB,2006-11-09,2006-11-09 13:19:09,Q3,13000.0,0.0,13000.0,1.0,0.0,0.0,54000.0,420000.0,474000.0,474000.0,-2980000.0,0.0,1439000.0,110.6923076923077,1439000.0,110.6923076923077,29000.0,1439000.0,110.6923076923077,0.0,1143000.0,87.92307692307692,0.25931,0.25931,4407792.0,4407792.0,https://www.sec.gov/Archives/edgar/data/774569/000095015206009105/0000950152-06-009105-index.htm,https://www.sec.gov/Archives/edgar/data/774569/000095015206009105/l22653ae10vq.htm
0,2006-06-30,CLDB,2006-08-09,2006-08-09 15:52:05,Q2,42000.0,0.0,42000.0,1.0,0.0,0.0,53000.0,477000.0,530000.0,530000.0,-2783000.0,0.0,1329000.0,31.642857142857142,1329000.0,31.642857142857142,16000.0,1329000.0,31.642857142857142,0.0,1076000.0,25.61904761904762,0.24379,0.24379,4413725.0,4413725.0,https://www.sec.gov/Archives/edgar/data/774569/000095015206006769/0000950152-06-006769-index.htm,https://www.sec.gov/Archives/edgar/data/774569/000095015206006769/l21339ae10vq.htm
0,2006-03-31,CLDB,2006-05-10,2006-05-10 10:57:06,Q1,14000.0,0.0,14000.0,1.0,0.0,0.0,38000.0,382000.0,420000.0,420000.0,-2653000.0,0.0,1253000.0,89.5,1253000.0,89.5,38000.0,1253000.0,89.5,0.0,1175000.0,83.92857142857143,0.27,0.27,4351851.0,4351851.0,https://www.sec.gov/Archives/edgar/data/774569/000095015206004207/0000950152-06-004207-index.htm,https://www.sec.gov/Archives/edgar/data/774569/000095015206002183/l17792ae10vk.htm
0,2005-12-31,CLDB,2006-03-16,2006-03-16 15:13:50,Q4,30000.0,0.0,30000.0,1.0,0.0,0.0,37000.0,270000.0,307000.0,307000.0,-2439000.0,1469000.0,2809000.0,93.63333333333334,1340000.0,44.666666666666664,44000.0,1340000.0,44.666666666666664,0.0,1093000.0,36.43333333333333,0.25219,0.25219,4334000.0,4334000.0,https://www.sec.gov/Archives/edgar/data/774569/000095015206002183/0000950152-06-002183-index.htm,https://www.sec.gov/Archives/edgar/data/774569/000095015206002183/l17792ae10vk.htm
0,2005-09-30,CLDB,2005-11-09,2005-11-09 13:57:39,Q3,28000.0,0.0,28000.0,1.0,0.0,0.0,95000.0,339000.0,434000.0,434000.0,-2197000.0,0.0,971000.0,34.67857142857143,971000.0,34.67857142857143,33000.0,971000.0,34.67857142857143,0.0,851000.0,30.392857142857142,0.20218,0.20218,4209090.0,4209090.0,https://www.sec.gov/Archives/edgar/data/774569/000095015205008997/0000950152-05-008997-index.htm,https://www.sec.gov/Archives/edgar/data/774569/000095015205008997/l16620ae10vq.htm
0,2005-06-30,CLDB,2005-08-09,2005-08-09 14:05:22,Q2,22000.0,0.0,22000.0,1.0,0.0,0.0,64000.0,364000.0,428000.0,428000.0,-4029000.0,0.0,1396000.0,63.45454545454545,1396000.0,63.45454545454545,28000.0,1396000.0,63.45454545454545,0.0,1132000.0,51.45454545454545,0.26997,0.26997,4192982.0,4192982.0,https://www.sec.gov/Archives/edgar/data/774569/000095015205006761/0000950152-05-006761-index.htm,https://www.sec.gov/Archives/edgar/data/774569/000095015205006761/l14971ae10vq.htm
0,2005-03-31,CLDB,2005-05-10,2005-05-10 11:03:11,Q1,9000.0,0.0,9000.0,1.0,0.0,0.0,49000.0,383000.0,432000.0,432000.0,0.0,0.0,1258000.0,139.777778,1584000.0,176.0,14000.0,1584000.0,176.0,0.0,1258000.0,139.77777777777777,0.3,0.3,4193333.0,4193333.0,https://www.sec.gov/Archives/edgar/data/774569/000095015205004220/0000950152-05-004220-index.htm,https://www.sec.gov/Archives/edgar/data/774569/000095015205002195/l11287ae10vk.htm
0,2004-12-31,CLDB,2005-03-16,2005-03-16 13:14:53,Q4,13000.0,0.0,13000.0,1.0,0.0,0.0,52000.0,-84000.0,-32000.0,-32000.0,-2046000.0,2176000.0,3781000.0,290.84615384615387,1605000.0,123.46153846153847,49000.0,1605000.0,123.46153846153847,0.0,1305000.0,100.38461538461539,0.31527,0.31527,4139316.0,4139316.0,https://www.sec.gov/Archives/edgar/data/774569/000095015205002195/0000950152-05-002195-index.htm,https://www.sec.gov/Archives/edgar/data/774569/000095015205002195/l11287ae10vk.htm
0,2004-09-30,CLDB,2004-11-09,2004-11-09 14:13:58,Q3,18000.0,0.0,18000.0,1.0,0.0,0.0,26000.0,565000.0,591000.0,591000.0,-2024000.0,0.0,1607000.0,89.27777777777777,1607000.0,89.27777777777777,17000.0,1607000.0,89.27777777777777,0.0,1315000.0,73.05555555555556,0.32708,0.32708,4020454.0,4020454.0,https://www.sec.gov/Archives/edgar/data/774569/000095015204008096/0000950152-04-008096-index.htm,https://www.sec.gov/Archives/edgar/data/774569/000095015204008096/l09933ae10vq.htm
0,2004-06-30,CLDB,2004-08-09,2004-08-09 13:14:47,Q2,12000.0,0.0,12000.0,1.0,0.0,0.0,40000.0,472000.0,512000.0,512000.0,-1974000.0,0.0,1261000.0,105.08333333333333,1261000.0,105.08333333333333,13000.0,1261000.0,105.08333333333333,0.0,1082000.0,90.16666666666667,0.2677,0.2677,4041818.0,4041818.0,https://www.sec.gov/Archives/edgar/data/774569/000095015204006028/0000950152-04-006028-index.htm,https://www.sec.gov/Archives/edgar/data/774569/000095015204006028/l08606ae10vq.htm
0,2004-03-31,CLDB,2004-05-10,2004-05-10 15:13:34,Q1,11000.0,0.0,11000.0,1.0,0.0,0.0,64000.0,461000.0,525000.0,525000.0,-1966000.0,0.0,1360000.0,123.63636363636364,1360000.0,123.63636363636364,4000.0,1360000.0,123.63636363636364,0.0,1141000.0,103.72727272727273,0.28,0.28,4074999.0,4074999.0,https://www.sec.gov/Archives/edgar/data/774569/000095015204003810/0000950152-04-003810-index.htm,https://www.sec.gov/Archives/edgar/data/774569/000095015204001957/l04975ae10vk.htm
0,2003-12-31,CLDB,2004-03-15,2004-03-15 16:20:54,Q4,21000.0,0.0,21000.0,1.0,0.0,0.0,53000.0,304000.0,357000.0,357000.0,-1977000.0,2382000.0,4042000.0,192.47619047619048,1660000.0,79.04761904761905,6000.0,1660000.0,79.04761904761905,0.0,1340000.0,63.80952380952381,0.32743,0.32743,4092537.0,4092537.0,https://www.sec.gov/Archives/edgar/data/774569/000095015204001957/0000950152-04-001957-index.htm,https://www.sec.gov/Archives/edgar/data/774569/000095015204001957/l04975ae10vk.htm
0,2003-09-30,CLDB,2003-11-14,2003-11-14 12:12:37,Q3,147000.0,0.0,147000.0,1.0,0.0,0.0,30000.0,431000.0,461000.0,461000.0,-2017000.0,0.0,1640000.0,11.156462585034014,1640000.0,11.156462585034014,15000.0,1640000.0,11.156462585034014,0.0,1317000.0,8.959183673469388,0.33052,0.33052,3984615.0,3984615.0,https://www.sec.gov/Archives/edgar/data/774569/000095015203009758/0000950152-03-009758-index.htm,https://www.sec.gov/Archives/edgar/data/774569/000095015203009758/l03440ae10vq.htm
0,2003-06-30,CLDB,2003-08-14,2003-08-14 13:48:43,Q2,166000.0,0.0,166000.0,1.0,0.0,0.0,47000.0,437000.0,484000.0,484000.0,-2041000.0,0.0,1713000.0,10.319277108433734,1713000.0,10.319277108433734,43000.0,1713000.0,10.319277108433734,0.0,1365000.0,8.22289156626506,0.34282,0.34282,3981690.0,3981690.0,https://www.sec.gov/Archives/edgar/data/774569/000095015203007720/0000950152-03-007720-index.htm,https://www.sec.gov/Archives/edgar/data/774569/000095015203007720/l01968ae10vq.htm
0,2003-03-31,CLDB,2003-05-15,2003-05-15 12:47:55,Q1,136000.0,0.0,136000.0,1.0,0.0,0.0,47000.0,431000.0,478000.0,478000.0,-2097000.0,0.0,1842000.0,13.544117647058824,1842000.0,13.544117647058824,53000.0,1842000.0,13.544117647058824,0.0,1462000.0,10.75,0.37,0.37,3951351.0,3951351.0,https://www.sec.gov/Archives/edgar/data/774569/000095015203005561/0000950152-03-005561-index.htm,https://www.sec.gov/Archives/edgar/data/774569/000095015203003617/l98217ae10vk.htm
0,2002-12-31,CLDB,2003-03-28,2003-03-28 13:19:02,Q4,244000.0,0.0,244000.0,1.0,0.0,0.0,75000.0,791000.0,866000.0,866000.0,-4755000.0,1345000.0,4812000.0,19.721311475409838,3467000.0,14.209016393442623,126000.0,3467000.0,14.209016393442623,0.0,2761000.0,11.315573770491802,0.68761,0.68761,4015384.0,4015384.0,https://www.sec.gov/Archives/edgar/data/774569/000095015203003617/0000950152-03-003617-index.htm,https://www.sec.gov/Archives/edgar/data/774569/000095015203003617/l98217ae10vk.htm
0,2002-06-30,CLDB,2002-08-14,2002-08-14 13:40:19,Q2,24000.0,0.0,24000.0,1.0,0.0,0.0,42000.0,433000.0,475000.0,475000.0,-2600000.0,0.0,1989000.0,82.875,1989000.0,82.875,54000.0,1989000.0,82.875,0.0,1539000.0,64.125,0.39237,0.39237,3922368.0,3922368.0,https://www.sec.gov/Archives/edgar/data/774569/000095015202006384/0000950152-02-006384-index.htm,https://www.sec.gov/Archives/edgar/data/774569/000095015202006384/l95327ae10vq.htm
0,2002-03-31,CLDB,2002-05-15,2002-05-15 13:17:58,Q1,50000.0,0.0,50000.0,1.0,0.0,0.0,44000.0,399000.0,443000.0,443000.0,-2649000.0,0.0,1865000.0,37.3,1865000.0,37.3,46000.0,1865000.0,37.3,0.0,1442000.0,28.84,0.37,0.37,3897297.0,3897297.0,https://www.sec.gov/Archives/edgar/data/774569/000095015202004287/0000950152-02-004287-index.htm,https://www.sec.gov/Archives/edgar/data/774569/000095015202002416/l93050ae10-k405.htm
0,2001-12-31,CLDB,2002-03-27,2002-03-27 00:00:00,Q4,130000.0,0.0,130000.0,1.0,0.0,0.0,72000.0,313000.0,385000.0,385000.0,-3044000.0,1269000.0,3027000.0,23.284615384615385,1758000.0,13.523076923076923,98000.0,1758000.0,13.523076923076923,0.0,1368000.0,10.523076923076923,0.3478,0.3478,3933333.0,3933333.0,https://www.sec.gov/Archives/edgar/data/774569/000095015202002416/0000950152-02-002416-index.htm,https://www.sec.gov/Archives/edgar/data/774569/000095015202002416/l93050ae10-k405.htm
0,2001-09-30,CLDB,2001-11-14,2001-11-14 00:00:00,Q3,47000.0,0.0,47000.0,1.0,0.0,0.0,37000.0,323000.0,360000.0,360000.0,-3439000.0,0.0,2014000.0,42.851063829787236,2014000.0,42.851063829787236,83000.0,2014000.0,42.851063829787236,0.0,1516000.0,32.255319148936174,0.39914,0.39914,3798181.0,3798181.0,https://www.sec.gov/Archives/edgar/data/774569/000095015201505882/0000950152-01-505882-index.htm,https://www.sec.gov/Archives/edgar/data/774569/000095015201505882/l90973ae10-q.htm
0,2001-06-30,CLDB,2001-08-14,2001-08-14 00:00:00,Q2,92000.0,0.0,92000.0,1.0,0.0,0.0,51000.0,698000.0,749000.0,749000.0,-7340000.0,0.0,3502000.0,38.06521739130435,3502000.0,38.06521739130435,187000.0,3502000.0,38.06521739130435,0.0,2662000.0,28.934782608695652,0.7,0.7,3802857.0,3802857.0,https://www.sec.gov/Archives/edgar/data/774569/000095015201503924/0000950152-01-503924-index.htm,https://www.sec.gov/Archives/edgar/data/774569/000095015201503924/l89557ae10-q.htm
0,2000-09-30,CLDB,2000-11-14,2000-11-14 00:00:00,Q3,113368000,0.0,113368000,1.0,0.0,0.0,0.0,0.0,0.0,0.0,0.0,0.0,0.0,0.0,0.0,0.0,0.0,0.0,0.0,0.0,0.0,0.0,0.0,0.0,0.0,0.0,https://www.sec.gov/Archives/edgar/data/774569/000095015200007868/0000950152-00-007868-index.htm,https://www.sec.gov/Archives/edgar/data/774569/000095015200007868/l84470ae10-q.htm
