,date,symbol,fillingDate,acceptedDate,period,revenue,costOfRevenue,grossProfit,grossProfitRatio,researchAndDevelopmentExpenses,generalAndAdministrativeExpenses,sellingAndMarketingExpenses,otherExpenses,operatingExpenses,costAndExpenses,interestExpense,depreciationAndAmortization,ebitda,ebitdaratio,operatingIncome,operatingIncomeRatio,totalOtherIncomeExpensesNet,incomeBeforeTax,incomeBeforeTaxRatio,incomeTaxExpense,netIncome,netIncomeRatio,eps,epsdiluted,weightedAverageShsOut,weightedAverageShsOutDil,link,finalLink
0,2020-09-30,COHN,2020-11-06,2020-11-06 13:26:56,Q3,21856000,0.0,21856000,1.0,0.0,0.0,0.0,15784000,15784000,15784000,1952000.0,0.0,6072000.0,0.27781844802342603,6072000.0,0.27781844802342603,2768000.0,2749000.0,0.12577781844802344,-594000.0,3343000.0,0.152955710102489,2.8815487785956866,2.8815487785956866,1160140.0,1160140.0,https://www.sec.gov/Archives/edgar/data/1270436/000143774920022957/0001437749-20-022957-index.htm,https://www.sec.gov/Archives/edgar/data/1270436/000143774920022957/cohn20200930_10q.htm
0,2020-06-30,COHN,2020-08-07,2020-08-07 09:34:25,Q2,24119000,1597000.0,22522000,0.9337866412371989,0.0,14512000,0.0,20338000,14596000.000000002,16193000.000000002,-4314000.0,84000.0,-2986000.0,-0.123803,7926000.0,0.328621,6000.0,3612000.0,0.149757,343000.0,901000.0,0.037356,0.77663,0.77663,1160140.0,1160140.0,https://www.sec.gov/Archives/edgar/data/1270436/000143774920016986/0001437749-20-016986-index.htm,https://www.sec.gov/Archives/edgar/data/1270436/000143774920016986/cohn20200630_10q.htm
0,2020-03-31,COHN,2020-05-08,2020-05-08 13:33:37,Q1,17770000,1782000.0,15988000,0.8997186268992684,0.0,17470000,0.0,-2605000.0,25433000,27215000,-2712000.0,80000.0,-6106000.0,-0.343613,-9445000.0,-0.531514,9000.0,-12157000,-0.684131,-372000.0,-3102000.0,-0.174564,-2.70473,-2.70473,1146880.0,1146880.0,https://www.sec.gov/Archives/edgar/data/1270436/000127043620000007/0001270436-20-000007-index.htm,https://www.sec.gov/Archives/edgar/data/1270436/000127043620000003/cohn-20191231x10k.htm
0,2019-12-31,COHN,2020-03-06,2020-03-06 14:31:14,Q4,16090000,1942000.0,14148000,0.8793039154754506,0.0,10035000,0.0,22787000,10113999.999999998,12055999.999999998,-2443000.0,79000.00000000001,-1196000.0,-0.074332,4034000.0,0.250715,2101000.0,1591000.0,0.098881,394000.0,774000.0,0.048104,0.68781,0.68781,1125310.0,1125310.0,https://www.sec.gov/Archives/edgar/data/1270436/000127043620000003/0001270436-20-000003-index.htm,https://www.sec.gov/Archives/edgar/data/1270436/000127043620000003/cohn-20191231x10k.htm
0,2019-09-30,COHN,2019-11-01,2019-11-01 09:04:29,Q3,11267000,1440000.0,9827000.0,0.872193130380758,0.0,10190000,0.0,8162000.0,10270000.000000002,11710000.000000002,-1645000.0,79999.99999999999,-2951000.0,-0.261915,-443000.0,-0.039318,0.0,-2088000.0,-0.18532,-170000.0,-1216000.0,-0.107926,-1.06302,-1.06302,1143910.0,1143910.0,https://www.sec.gov/Archives/edgar/data/1270436/000127043619000018/0001270436-19-000018-index.htm,https://www.sec.gov/Archives/edgar/data/1270436/000127043619000018/cohn-20190930x10q.htm
0,2019-06-30,COHN,2019-08-05,2019-08-05 15:09:41,Q2,11169000,1190000.0,9979000.0,0.893455098934551,0.0,9383000.0,0.0,7218000.0,9461000.0,10651000,-2187000.0,78000.0,-3160000.0,-0.282926,518000.0,0.046378,1000.0,-1669000.0,-0.149431,-641000.0,-410000.0,-0.036709,-0.35842,-0.35842,1143910.0,1143910.0,https://www.sec.gov/Archives/edgar/data/1270436/000127043619000014/0001270436-19-000014-index.htm,https://www.sec.gov/Archives/edgar/data/1270436/000127043619000014/cohn-20190630x10q.htm
0,2019-03-31,COHN,2019-05-06,2019-05-06 10:21:05,Q1,11140000,1679000.0,9461000.0,0.8492818671454219,0.0,9448000.0,0.0,7458000.0,9529000.0,11208000,-1862000.0,81000.0,-3089000.0,-0.277289,-68000.0,-0.006104,1000.0,-1930000.0,-0.17325,-106000.0,-1202000.0,-0.107899,-1.06074,-1.06074,1133170.0,1133170.0,https://www.sec.gov/Archives/edgar/data/1270436/000127043619000009/0001270436-19-000009-index.htm,https://www.sec.gov/Archives/edgar/data/1270436/000127043619000004/cohn-20181231x10k.htm
0,2018-12-31,COHN,2019-03-08,2019-03-07 17:53:06,Q4,15621000,3855000.0,11766000,0.7532168235068177,0.0,9393000.0,0.0,24556000,9478000.0,13333000,2282000.0,85000.00000000001,2367000.0,0.151527,2288000.0,0.146469,4540000.0,6000.0,0.000384,418000.0,-418000.0,-0.026759,-0.37402,-0.37402,1117580.0,1117580.0,https://www.sec.gov/Archives/edgar/data/1270436/000127043619000004/0001270436-19-000004-index.htm,https://www.sec.gov/Archives/edgar/data/1270436/000127043619000004/cohn-20181231x10k.htm
0,2018-09-30,COHN,2018-11-02,2018-11-02 10:28:28,Q3,12237000,1483000.0,10754000,0.8788101658903326,0.0,10335000,0.0,7543000.0,10398000,11881000,2185000.0,75999.99999999999,1015000.0,0.082945,356000.0,0.029092,15000.0,-1829000.0,-0.149465,-595000.0,-651000.0,-0.053199,-0.5684,-0.5684,1145320.0,1145320.0,https://www.sec.gov/Archives/edgar/data/1270436/000127043618000011/0001270436-18-000011-index.htm,https://www.sec.gov/Archives/edgar/data/1270436/000127043618000011/cohn-20180930x10q.htm
0,2018-06-30,COHN,2018-08-02,2018-08-02 13:08:40,Q2,12200000,1400000.0,10800000,0.8852459016393442,0.0,9400000.0,0.0,6977000.0,9400000.0,10800000,2201000.0,0.0,1701000.0,0.139426,1400000.0,0.114754,18000.0,-800000.0,-0.065574,-600000.0,100000.0,0.008197,0.05882,0.05882,1700000.0,1700000.0,https://www.sec.gov/Archives/edgar/data/1270436/000127043618000008/0001270436-18-000008-index.htm,https://www.sec.gov/Archives/edgar/data/1270436/000127043618000008/cohn-20180630x10q.htm
0,2018-03-31,COHN,2018-05-03,2018-05-03 12:18:21,Q1,9300000.0,1700000.0,7600000.0,0.8172043010752689,0.0,7900000.0,0.0,6651000.0,7999999.999999999,9699999.999999998,1819000.0,100000.0,419000.0,0.045054,-400000.0,-0.043011,0.0,-2200000.0,-0.236559,0.0,-1500000.0,-0.16129,-1.25,-1.25,1200000.0,1200000.0,https://www.sec.gov/Archives/edgar/data/1270436/000127043618000005/0001270436-18-000005-index.htm,https://www.sec.gov/Archives/edgar/data/1270436/000127043618000003/cohn-20171231x10k.htm
0,2017-12-31,COHN,2018-03-08,2018-03-08 13:03:55,Q4,11700000,1700000.0,10000000,0.8547008547008547,0.0,7900000.0,0.0,19564000,7899999.999999999,9600000.0,1848000.0,0.0,3248000.0,0.277607,2100000.0,0.179487,6392000.0,300000.0,0.025641,-100000.0,1500000.0,0.128205,0.48387,0.48387,3100000.0,3100000.0,https://www.sec.gov/Archives/edgar/data/1270436/000127043618000003/0001270436-18-000003-index.htm,https://www.sec.gov/Archives/edgar/data/1270436/000127043618000003/cohn-20171231x10k.htm
0,2017-09-30,COHN,2017-11-03,2017-11-03 15:30:14,Q3,10000000,1700000.0,8300000.0,0.83,0.0,7300000.0,0.0,6054000.0,7300000.0,9000000.0,1606000.0,100000.0,1306000.0,0.1306,1000000.0,0.1,-1000.0,-600000.0,-0.06,100000.0,-500000.0,-0.05,-0.41667,-0.41667,1200000.0,1200000.0,https://www.sec.gov/Archives/edgar/data/1270436/000127043617000012/0001270436-17-000012-index.htm,https://www.sec.gov/Archives/edgar/data/1270436/000127043617000012/cohn-20170930x10q.htm
0,2017-06-30,COHN,2017-08-04,2017-08-04 09:34:14,Q2,11400000,1700000.0,9700000.0,0.8508771929824561,0.0,7900000.0,0.0,6502000.0,7899999.999999999,9600000.0,1112000.0,0.0,1512000.0,0.132632,1700000.0,0.149123,1000.0,600000.0,0.052632,0.0,400000.0,0.035088,0.14286,0.14286,2800000.0,2800000.0,https://www.sec.gov/Archives/edgar/data/1270436/000127043617000008/0001270436-17-000008-index.htm,https://www.sec.gov/Archives/edgar/data/1270436/000127043617000008/ifmi-20170630x10q.htm
0,2017-03-31,COHN,2017-05-04,2017-05-04 15:04:00,Q1,14500000,2400000.0,12100000,0.8344827586206897,0.0,9500000.0,0.0,8020000.0,9500000.0,11900000,1612000.0,100000.0,2412000.0,0.166345,2600000.0,0.17931,4000.0,1000000.0,0.068966,0.0,700000.0,0.048276,0.35,0.35,2000000.0,2000000.0,https://www.sec.gov/Archives/edgar/data/1270436/000127043617000005/0001270436-17-000005-index.htm,https://www.sec.gov/Archives/edgar/data/1270436/000127043617000002/ifmi-20161231x10k.htm
0,2016-12-31,COHN,2017-03-14,2017-03-14 13:57:13,Q4,13200000,1600000.0,11600000,0.8787878787878788,0.0,9000000.0,0.0,20100000,9100000.0,10700000,1762000.0,99999.99999999999,2362000.0,0.178939,2500000.0,0.189394,4527000.0,700000.0,0.05303,300000.0,200000.0,0.015152,0.11765,0.11765,1700000.0,1700000.0,https://www.sec.gov/Archives/edgar/data/1270436/000127043617000002/0001270436-17-000002-index.htm,https://www.sec.gov/Archives/edgar/data/1270436/000127043617000002/ifmi-20161231x10k.htm
0,2016-09-30,COHN,2016-11-02,2016-11-02 12:42:53,Q3,14100000,1500000.0,12600000,0.8936170212765957,0.0,9900000.0,0.0,8556000.0,9900000.0,11400000,991000.0,0.0,2091000.0,0.148298,2700000.0,0.191489,31000.0,1700000.0,0.120567,100000.0,1000000.0,0.070922,0.58824,0.58824,1700000.0,1700000.0,https://www.sec.gov/Archives/edgar/data/1270436/000127043616000028/0001270436-16-000028-index.htm,https://www.sec.gov/Archives/edgar/data/1270436/000127043616000028/ifmi-20160930x10q.htm
0,2016-06-30,COHN,2016-08-04,2016-08-04 07:27:36,Q2,14400000,1500000.0,12900000,0.8958333333333334,0.0,10500000,0.0,9116000.0,10700000,12200000,992000.0,100000.0,1892000.0,0.131389,2200000.0,0.152778,42000.0,1200000.0,0.083333,0.0,800000.0,0.055556,0.47059,0.47059,1700000.0,1700000.0,https://www.sec.gov/Archives/edgar/data/1270436/000127043616000026/0001270436-16-000026-index.htm,https://www.sec.gov/Archives/edgar/data/1270436/000127043616000026/ifmi-20160630x10q.htm
0,2016-03-31,COHN,2016-05-04,2016-05-04 16:45:13,Q1,13700000,1700000.0,12000000,0.8759124087591241,0.0,10700000,0.0,8990000.0,10800000,12500000,990000.0,100000.0,1290000.0,0.094161,1300000.0,0.094891,67000.0,300000.0,0.021898,0.0,200000.0,0.014599,0.10526,0.10526,1900000.0,1900000.0,https://www.sec.gov/Archives/edgar/data/1270436/000127043616000023/0001270436-16-000023-index.htm,https://www.sec.gov/Archives/edgar/data/1270436/000127043616000019/ifmi-20151231x10k.htm
0,2015-12-31,COHN,2016-03-09,2016-03-09 07:33:15,Q4,9400000.0,2200000.0,7200000.0,0.7659574468085106,0.0,10100000,0.0,0.0,10200000,12400000,971000.0,99999.99999999999,-1729000.0,-0.183936,-3000000.0,-0.319149,0.0,-4000000.0,-0.425532,-200000.0,-2600000.0,-0.276596,-1.85714,-1.85714,1400000.0,1400000.0,https://www.sec.gov/Archives/edgar/data/1270436/000127043616000019/0001270436-16-000019-index.htm,https://www.sec.gov/Archives/edgar/data/1270436/000127043616000019/ifmi-20151231x10k.htm
0,2015-09-30,COHN,2015-11-02,2015-11-02 13:40:09,Q3,12900000,2500000.0,10400000,0.8062015503875969,0.0,9700000.0,0.0,8607000.0,9900000.0,12400000,984000.0,99999.99999999999,784000.0,0.060775,600000.0,0.046512,72000.0,-400000.0,-0.031008,200000.0,-500000.0,-0.03876,-0.33333,-0.33333,1500000.0,1500000.0,https://www.sec.gov/Archives/edgar/data/1270436/000127043615000016/0001270436-15-000016-index.htm,https://www.sec.gov/Archives/edgar/data/1270436/000127043615000016/ifmi-20150930x10q.htm
0,2015-06-30,COHN,2015-08-04,2015-08-04 09:07:46,Q2,11100000,1800000.0,9300000.0,0.8378378378378378,0.0,8500000.0,0.0,7010000.0,8700000.0,10500000,991000.0,300000.0,991000.0,0.089279,500000.0,0.045045,83000.0,-500000.0,-0.045045,0.0,-300000.0,-0.027027,-0.2,-0.2,1500000.0,1500000.0,https://www.sec.gov/Archives/edgar/data/1270436/000127043615000013/0001270436-15-000013-index.htm,https://www.sec.gov/Archives/edgar/data/1270436/000127043615000013/ifmi-20150630x10q.htm
0,2015-03-31,COHN,2015-05-05,2015-05-05 11:00:34,Q1,12800000,2000000.0,10800000,0.84375,0.0,10300000,0.0,8407000.0,10500000,12500000,976000.0,200000.0,676000.0,0.052813,300000.0,0.023438,78000.0,-700000.0,-0.054688,100000.0,-600000.0,-0.046875,-0.4,-0.4,1500000.0,1500000.0,https://www.sec.gov/Archives/edgar/data/1270436/000127043615000011/0001270436-15-000011-index.htm,https://www.sec.gov/Archives/edgar/data/1270436/000127043615000006/ifmi-20141231x10k.htm
0,2014-12-31,COHN,2015-03-09,2015-03-09 12:01:25,Q4,17800000,2300000.0,15500000,0.8707865168539326,0.0,11000000,0.0,0.0,11300000,13600000,1084000.0,300000.00000000006,3684000.0,0.206966,4200000.0,0.235955,0.0,3100000.0,0.174157,-600000.0,2900000.0,0.162921,1.93333,1.93333,1500000.0,1500000.0,https://www.sec.gov/Archives/edgar/data/1270436/000127043615000006/0001270436-15-000006-index.htm,https://www.sec.gov/Archives/edgar/data/1270436/000127043615000006/ifmi-20141231x10k.htm
0,2014-09-30,COHN,2014-11-03,2014-11-03 09:46:15,Q3,10600000,1500000.0,9100000.0,0.8584905660377359,0.0,9300000.0,0.0,7025000.0,9600000.0,11100000,1079000.0,200000.00000000006,79000.00000000007,0.007453,-600000.0,-0.056604,51000.0,-1700000.0,-0.160377,100000.0,-1300000.0,-0.122642,-0.86667,-0.86667,1500000.0,1500000.0,https://www.sec.gov/Archives/edgar/data/1270436/000127043614000011/0001270436-14-000011-index.htm,https://www.sec.gov/Archives/edgar/data/1270436/000127043614000011/ifmi-20140930x10q.htm
0,2014-06-30,COHN,2014-08-01,2014-08-01 11:09:22,Q2,14200000,1900000.0,12300000,0.8661971830985915,0.0,10600000,0.0,8186000.0,14000000,15900000,1109000.0,300000.0,-591000.0,-0.04162,-1700000.0,-0.119718,159000.0,-2800000.0,-0.197183,100000.0,-2100000.0,-0.147887,-1.4,-1.4,1500000.0,1500000.0,https://www.sec.gov/Archives/edgar/data/1270436/000127043614000009/0001270436-14-000009-index.htm,https://www.sec.gov/Archives/edgar/data/1270436/000127043614000009/ifmi-20140630x10q.htm
0,2014-03-31,COHN,2014-05-02,2014-05-02 13:36:56,Q1,13200000,3300000.0,9900000.0,0.75,0.0,11200000,0.0,8953000.0,11600000.000000002,14900000.000000002,1129000.0,300000.0,-671000.0,-0.050833,-1700000.0,-0.128788,364000.0,-2800000.0,-0.212121,0.0,-2100000.0,-0.159091,-1.4,-1.4,1500000.0,1500000.0,https://www.sec.gov/Archives/edgar/data/1270436/000127043614000006/0001270436-14-000006-index.htm,https://www.sec.gov/Archives/edgar/data/1270436/000127043614000003/ifmi-20131231x10k.htm
0,2013-12-31,COHN,2014-03-07,2014-03-07 11:18:48,Q4,11700000,3400000.0,8300000.0,0.7094017094017094,0.0,14800000,0.0,0.0,15200000.000000002,18600000,-1000000.0,399999.9999999999,-6400000.0,-0.547009,-7000000.0,-0.598291,0.0,-7900000.0,-0.675214,-1800000.0,-4000000.0,-0.34188,-2.85714,-2.85714,1400000.0,1400000.0,https://www.sec.gov/Archives/edgar/data/1270436/000127043614000003/0001270436-14-000003-index.htm,https://www.sec.gov/Archives/edgar/data/1270436/000127043614000003/ifmi-20131231x10k.htm
0,2013-09-30,COHN,2013-11-04,2013-11-04 11:59:53,Q3,18100000,0.0,18100000,1.0,0.0,18900000,0.0,13248000,19300000,19300000,-900000.0,300000.00000000006,-2500000.0,-0.138122,-1200000.0,-0.066298,32000.0,-2100000.0,-0.116022,-1800000.0,-100000.0,-0.005525,-0.08333,-0.08333,1200000.0,1200000.0,https://www.sec.gov/Archives/edgar/data/1270436/000127043613000009/0001270436-13-000009-index.htm,https://www.sec.gov/Archives/edgar/data/1270436/000127043613000009/ifmi-20130930x10q.htm
0,2013-06-30,COHN,2013-08-06,2013-08-06 15:15:10,Q2,13700000,0.0,13700000,1.0,0.0,19300000,0.0,7438000.0,19600000,19600000,-900000.0,399999.99999999994,-5200000.0,-0.379562,-5900000.0,-0.430657,4934000.0,-6800000.0,-0.49635,-54000.0,-4700000.0,-0.343066,-3.91667,-3.91667,1200000.0,1200000.0,https://www.sec.gov/Archives/edgar/data/1270436/000127043613000004/0001270436-13-000004-index.htm,https://www.sec.gov/Archives/edgar/data/1270436/000127043613000004/ifmi-20130630x10q.htm
0,2013-03-31,COHN,2013-05-10,2013-05-10 10:41:30,Q1,14000000,0.0,14000000,1.0,0.0,20800000,0.0,21098000,21100000,21100000,500000.0,300000.0,-3700000.0,-0.264286,-7100000.0,-0.507143,-4790000.0,-6600000.0,-0.471429,12000.0,-4500000.0,-0.321429,-4.09091,-4.09091,1100000.0,1100000.0,https://www.sec.gov/Archives/edgar/data/1270436/000119312513212917/0001193125-13-212917-index.htm,https://www.sec.gov/Archives/edgar/data/1270436/000119312513095926/d445652d10k.htm
0,2012-12-31,COHN,2013-03-07,2013-03-07 15:48:11,Q4,23400000,0.0,23400000,1.0,0.0,21600000,0.0,45416000,21900000,21900000,1800000.0,300000.00000000006,4400000.0,0.188034,1500000.0,0.064103,2363000.0,3300000.0,0.141026,-700000.0,3000000.0,0.128205,1.76471,1.76471,1700000.0,1700000.0,https://www.sec.gov/Archives/edgar/data/1270436/000119312513095926/0001193125-13-095926-index.htm,https://www.sec.gov/Archives/edgar/data/1270436/000119312513095926/d445652d10k.htm
0,2012-09-30,COHN,2012-11-08,2012-11-08 10:11:35,Q3,28100000,0.0,28100000,1.0,0.0,24600000,0.0,24910000,24900000,24900000,-200000.0,300000.00000000006,2200000.0,0.078292,3200000.0,0.113879,100000.0,3000000.0,0.106762,100000.0,2000000.0,0.071174,1.25,1.25,1600000.0,1600000.0,https://www.sec.gov/Archives/edgar/data/1270436/000119312512459329/0001193125-12-459329-index.htm,https://www.sec.gov/Archives/edgar/data/1270436/000119312512459329/d406548d10q.htm
0,2012-06-30,COHN,2012-08-09,2012-08-09 11:50:16,Q2,25000000,0.0,25000000,1.0,0.0,23900000,0.0,24207000,24200000,24200000,400000.0,299999.99999999994,-1300000.0,-0.052,800000.0,0.032,-4400000.0,-3100000.0,-0.124,100000.0,-2100000.0,-0.084,-1.90909,-1.90909,1100000.0,1100000.0,https://www.sec.gov/Archives/edgar/data/1270436/000119312512346309/0001193125-12-346309-index.htm,https://www.sec.gov/Archives/edgar/data/1270436/000119312512346309/d351747d10q.htm
0,2012-03-31,COHN,2012-05-04,2012-05-04 15:35:05,Q1,18800000,0.0,18800000,1.0,0.0,23600000,0.0,23963000,24000000,24000000,-700000.0,400000.0,-4200000.0,-0.223404,-5200000.0,-0.276596,-4945000.0,-5900000.0,-0.31383,-9000.0,-3900000.0,-0.207447,-3.9,-3.9,1000000.0,1000000.0,https://www.sec.gov/Archives/edgar/data/1270436/000119312512211779/0001193125-12-211779-index.htm,https://www.sec.gov/Archives/edgar/data/1270436/000119312512105937/d282947d10k.htm
0,2011-12-31,COHN,2012-03-09,2012-03-09 11:37:43,Q4,23700000,0.0,23700000,1.0,0.0,26800000,0.0,27444000,27400000,27400000,-900000.0,600000.0000000001,-2800000.0,-0.118143,-3700000.0,-0.156118,1220000.0,-4600000.0,-0.194093,-200000.0,-2300000.0,-0.097046,-2.3,-2.3,1000000.0,1000000.0,https://www.sec.gov/Archives/edgar/data/1270436/000119312512105937/0001193125-12-105937-index.htm,https://www.sec.gov/Archives/edgar/data/1270436/000119312512105937/d282947d10k.htm
0,2011-09-30,COHN,2011-11-09,2011-11-09 12:15:37,Q3,20900000,0.0,20900000,1.0,0.0,28100000,0.0,28690000,28700000,28700000,-2929000.0,600000.0000000001,-6929000.0,-0.331531,-7800000.0,-0.373206,869000.0,-8300000.0,-0.397129,-600000.0,-4000000.0,-0.191388,-3.63636,-3.63636,1100000.0,1100000.0,https://www.sec.gov/Archives/edgar/data/1270436/000119312511303908/0001193125-11-303908-index.htm,https://www.sec.gov/Archives/edgar/data/1270436/000119312511303908/d231725d10q.htm
0,2011-06-30,COHN,2011-08-11,2011-08-11 15:22:42,Q2,23500000,0.0,23500000,1.0,0.0,31100000,0.0,31635000,31600000,31600000,2929000.0,500000.0,-71000.0,-0.003021,-8200000.0,-0.348936,831000.0,-5200000.0,-0.221277,-100000.0,-3400000.0,-0.144681,-3.09091,-3.09091,1100000.0,1100000.0,https://www.sec.gov/Archives/edgar/data/1270436/000119312511219502/0001193125-11-219502-index.htm,https://www.sec.gov/Archives/edgar/data/1270436/000119312511219502/d10q.htm
0,2011-03-31,COHN,2011-05-06,2011-05-06 09:02:07,Q1,32300000,0.0,32300000,1.0,0.0,30300000,0.0,30727000,30700000,30700000,1482000.0,500000.0,2182000.0,0.067554,1600000.0,0.049536,-1039000.0,200000.0,0.006192,-200000.0,400000.0,0.012384,0.25,0.25,1600000.0,1600000.0,https://www.sec.gov/Archives/edgar/data/1270436/000119312511129746/0001193125-11-129746-index.htm,https://www.sec.gov/Archives/edgar/data/1270436/000119312511056362/d10k.htm
0,2010-12-31,COHN,2011-03-04,2011-03-04 16:52:53,Q4,24900000,0.0,24900000,1.0,0.0,20500000,0.0,103121000,20900000,20900000,7686000.0,500000.0,9486000.0,0.380964,4000000.0,0.160643,25648000,2300000.0,0.092369,-1300000.0,2600000.0,0.104418,1.625,1.625,1600000.0,1600000.0,https://www.sec.gov/Archives/edgar/data/1270436/000119312511056362/0001193125-11-056362-index.htm,https://www.sec.gov/Archives/edgar/data/1270436/000119312511056362/d10k.htm
0,2010-09-30,COHN,2010-11-09,2010-11-09 12:30:56,Q3,23100000,0.0,23100000,1.0,0.0,23000000,0.0,13689000,27600000,27600000,3800000.0,599999.9999999999,3800000.0,0.164502,-4500000.0,-0.194805,36000.0,-800000.0,-0.034632,-600000.0,402000.0,0.02852884820097935,1.65,1.65,1600000.0,1600000.0,https://www.sec.gov/Archives/edgar/data/1270436/000119312510253718/0001193125-10-253718-index.htm,https://www.sec.gov/Archives/edgar/data/1270436/000119312510253718/d10q.htm
0,2010-06-30,COHN,2010-08-05,2010-08-05 13:32:07,Q2,35800000,0.0,35800000,1.0,0.0,30500000,0.0,31107000,31100000,31100000,1829000.0,700000.0000000001,5029000.0,0.140475,4700000.0,0.131285,-11527000,3600000.0,0.100559,400000.0,2100000.0,0.058659,1.3125,1.3125,1600000.0,1600000.0,https://www.sec.gov/Archives/edgar/data/1270436/000119312510178960/0001193125-10-178960-index.htm,https://www.sec.gov/Archives/edgar/data/1270436/000119312510178960/d10q.htm
0,2010-03-31,COHN,2010-05-07,2010-05-07 13:02:14,Q1,41700000,0.0,41700000,1.0,0.0,34800000,0.0,35483000,34600000,34600000,1993000.0,600000.0,6193000.0,0.148513,7100000.0,0.170264,11527000,5300000.0,0.127098,700000.0,2900000.0,0.069544,1.8125,1.8125,1600000.0,1600000.0,https://www.sec.gov/Archives/edgar/data/1270436/000119312510112476/0001193125-10-112476-index.htm,https://www.sec.gov/Archives/edgar/data/1270436/000119312510052707/d10k.htm
0,2009-12-31,COHN,2010-03-10,2010-03-10 16:55:53,Q4,22200000,0.0,22200000,1.0,0.0,24900000,0.0,95197000,25500000,25500000,-150229000,600000.0000000001,-150929000,-6.798604,-3400000.0,-0.153153,6248000.0,-1300000.0,-0.058559,-300000.0,-1000000.0,-0.045045,-1.0,-1.0,1000000.0,1000000.0,https://www.sec.gov/Archives/edgar/data/1270436/000119312510052707/0001193125-10-052707-index.htm,https://www.sec.gov/Archives/edgar/data/1270436/000119312510052707/d10k.htm
0,2009-09-30,COHN,2009-11-09,2009-11-09 16:35:54,Q3,24600000,0.0,24600000,1.0,0.0,23500000,0.0,0.0,24200000,24200000,155209000,599999.9999999999,155509000,6.321504,400000.0,0.01626,709000.0,-300000.0,-0.012195,100000.0,-400000.0,-0.01626,-0.4,-0.4,1000000.0,1000000.0,https://www.sec.gov/Archives/edgar/data/1270436/000119312509229463/0001193125-09-229463-index.htm,https://www.sec.gov/Archives/edgar/data/1270436/000119312509229463/d10q.htm
0,2009-06-30,COHN,2009-08-17,2009-08-17 16:33:43,Q2,20400000,0.0,20400000,1.0,0.0,21600000,0.0,0.0,22300000,22300000,112355000,600000.0000000001,110155000,5.399755,-1800000.0,-0.088235,592000.0,-2800000.0,-0.137255,100000.0,-2900000.0,-0.142157,-2.9,-2.9,1000000.0,1000000.0,https://www.sec.gov/Archives/edgar/data/1270436/000119312509176778/0001193125-09-176778-index.htm,https://www.sec.gov/Archives/edgar/data/1270436/000119312509176778/d10q.htm
0,2009-03-31,COHN,2009-05-11,2009-05-11 15:10:36,Q1,16900000,0.0,16900000,1.0,0.0,22600000,0.0,0.0,23300000,23300000,58953000,700000.0,52353000,3.097811,-6300000.0,-0.372781,406000.0,-7400000.0,-0.43787,100000.0,-7400000.0,-0.43787,-7.4,-7.4,1000000.0,1000000.0,https://www.sec.gov/Archives/edgar/data/1270436/000119312509106972/0001193125-09-106972-index.htm,https://www.sec.gov/Archives/edgar/data/1270436/000119312509046342/d10k.htm
0,2008-12-31,COHN,2009-03-05,2009-03-05 17:30:08,Q4,7200000.0,0.0,7200000.0,1.0,0.0,19900000,0.0,0.0,23000000,23000000,439835000,4000000.0,427735000,59.407639,-15800000,-2.194444,3910000.0,-17400000,-2.416667,-800000.0,-15300000,-2.125,-15.3,-15.3,1000000.0,1000000.0,https://www.sec.gov/Archives/edgar/data/1270436/000119312509046342/0001193125-09-046342-index.htm,https://www.sec.gov/Archives/edgar/data/1270436/000119312509046342/d10k.htm
0,2008-09-30,COHN,2008-11-05,2008-11-05 14:30:29,Q3,27400000,0.0,27400000,1.0,0.0,20200000,0.0,0.0,21300000,21300000,337326000,4038000.0,341426000,12.460803,6100000.0,0.222628,44975000,4100000.0,0.149635,900000.0,3200000.0,0.116788,3.2,3.2,1000000.0,1000000.0,https://www.sec.gov/Archives/edgar/data/1270436/000119312508225654/0001193125-08-225654-index.htm,https://www.sec.gov/Archives/edgar/data/1270436/000119312508225654/d10q.htm
0,2008-06-30,COHN,2008-08-06,2008-08-06 16:21:17,Q2,25100000,0.0,25100000,1.0,0.0,17700000,0.0,0.0,18700000,18700000,241372000,727000.0,245972000,9.799681,6400000.0,0.25498,38486000,4600000.0,0.183267,600000.0,4000000.0,0.159363,4.0,4.0,1000000.0,1000000.0,https://www.sec.gov/Archives/edgar/data/1270436/000119312508168273/0001193125-08-168273-index.htm,https://www.sec.gov/Archives/edgar/data/1270436/000119312508168273/d10q.htm
0,2008-03-31,COHN,2008-05-09,2008-05-09 06:04:16,Q1,23600000,0.0,23600000,1.0,0.0,16600000,0.0,0.0,17600000,17600000,139784000,-488000.0,142384000,6.03322,6000000.0,0.254237,18187000,2600000.0,0.110169,1400000.0,1200000.0,0.050847,1.2,1.2,1000000.0,1000000.0,https://www.sec.gov/Archives/edgar/data/1270436/000119312508108463/0001193125-08-108463-index.htm,https://www.sec.gov/Archives/edgar/data/1270436/000119312508054195/d10k.htm
0,2007-12-31,COHN,2008-03-12,2008-03-12 16:26:27,Q4,198200000,165400000,32800000,0.16548940464177597,0.0,14800000,0.0,1600000.0,753000000,918400000,627635000,2700000.0,-95465000,-0.48166,-720200000,-3.633703,1600000.0,-720200000,-3.633703,3500000.0,-729300000,-3.679617,-1215.5,-1215.5,600000.0,600000.0,https://www.sec.gov/Archives/edgar/data/1270436/000119312508054195/0001193125-08-054195-index.htm,https://www.sec.gov/Archives/edgar/data/1270436/000119312508054195/d10k.htm
0,2007-09-30,COHN,2007-11-09,2007-11-08 20:04:28,Q3,194600000,168800000,25800000,0.13257965056526208,0.0,12100000,0.0,1400000.0,519800000,688600000,462230000,764000.0,-36170000,-0.185868,-493900000,-2.538027,1400000.0,-493900000,-2.538027,-1800000.0,-496600000,-2.551901,-827.66667,-827.66667,600000.0,600000.0,https://www.sec.gov/Archives/edgar/data/1270436/000119312507240748/0001193125-07-240748-index.htm,https://www.sec.gov/Archives/edgar/data/1270436/000119312507240748/d10q.htm
0,2007-06-30,COHN,2007-08-09,2007-08-09 12:26:34,Q2,173300000,151100000,22200000,0.12810155799192152,0.0,10600000,0.0,200000.0,63099999.99999999,214200000,152933000,1036000.0,105933000,0.611269,-40900000,-0.236007,200000.0,-40900000,-0.236007,200000.0,-47200000,-0.27236,-94.4,-94.4,500000.0,500000.0,https://www.sec.gov/Archives/edgar/data/1270436/000119312507177015/0001193125-07-177015-index.htm,https://www.sec.gov/Archives/edgar/data/1270436/000119312507177015/d10q.htm
0,2007-03-31,COHN,2007-05-10,2007-05-10 16:17:11,Q1,161300000,142300000,19000000,0.11779293242405456,0.0,8000000.0,0.0,0.0,3299999.999999983,145599999.99999997,143897000,639000.0,156097000,0.967743,15700000,0.097334,11760000,15700000,0.097334,400000.0,11800000,0.073156,19.66667,19.66667,600000.0,600000.0,https://www.sec.gov/Archives/edgar/data/1270436/000119312507110249/0001193125-07-110249-index.htm,https://www.sec.gov/Archives/edgar/data/1270436/000119312507057215/d10k.htm
0,2006-12-31,COHN,2007-03-16,2007-03-16 16:57:41,Q4,27681000,96500000,-68819000,-2.486145731729345,0.0,6300000.0,0.0,1500000.0,4500000.0,101000000,153828000,2530000.0,50228000,0.7857375094830389,-101000000,0.6943390773454716,19220000,-101000000,0.6943390773454716,300000.0,-103900000,0.9764098117842563,-346.33333,-346.33333,300000.0,300000.0,https://www.sec.gov/Archives/edgar/data/1270436/000119312507057215/0001193125-07-057215-index.htm,https://www.sec.gov/Archives/edgar/data/1270436/000119312507057215/d10k.htm
0,2006-09-30,COHN,2006-11-03,2006-11-03 17:18:55,Q3,0.0,15600000,-15600000,0.0,0.0,4800000.0,0.0,800000.0,-4600000.0,11000000,34293000,72000.0,23293000,0.0,-11000000,0.0,-1622000.0,-11000000,0.0,200000.0,-11200000,0.0,-112.0,-112.0,100000.0,100000.0,https://www.sec.gov/Archives/edgar/data/1270436/000119312506223866/0001193125-06-223866-index.htm,https://www.sec.gov/Archives/edgar/data/1270436/000119312506223866/d10q.htm
0,2006-06-30,COHN,2006-08-09,2006-08-09 15:07:31,Q2,0.0,0.0,0.0,0.0,0.0,1700000.0,0.0,5330000.0,-5400000.0,-5400000.0,18728000,100000.0,22228000,0.0,5400000.0,0.0,0.0,5400000.0,0.0,200000.0,3200000.0,0.0,32.0,32.0,100000.0,100000.0,https://www.sec.gov/Archives/edgar/data/1270436/000119312506167545/0001193125-06-167545-index.htm,https://www.sec.gov/Archives/edgar/data/1270436/000119312506167545/d10q.htm
0,2006-03-31,COHN,2006-05-09,2006-05-09 17:13:16,Q1,0.0,9900000.0,-9900000.0,0.0,0.0,1500000.0,0.0,700000.0,2099999.9999999995,12000000,-9852000.0,100000.0,-21752000,0.0,-12000000,0.0,0.0,-12000000,0.0,0.0,-12000000,0.0,-120.0,-120.0,100000.0,100000.0,https://www.sec.gov/Archives/edgar/data/1270436/000119312506105642/0001193125-06-105642-index.htm,https://www.sec.gov/Archives/edgar/data/1270436/000119312506053584/d10k.htm
0,2005-12-31,COHN,2006-03-14,2006-03-14 15:29:17,Q4,1000.0,9900000.0,-9899000.0,-9899.0,0.0,1500000.0,0.0,800000.0,2199999.999999999,12100000,-9877000.0,100000.00000000003,-21877000,-1037.0,-12100000,305.0,0.0,-12100000,305.0,0.0,-12100000,305.0,-121.0,-121.0,100000.0,100000.0,https://www.sec.gov/Archives/edgar/data/1270436/000119312506053584/0001193125-06-053584-index.htm,https://www.sec.gov/Archives/edgar/data/1270436/000119312506053584/d10k.htm
0,2005-09-30,COHN,2005-11-14,2005-11-14 14:53:09,Q3,8000.0,9200000.0,-9192000.0,-1149.0,0.0,3400000.0,0.0,800000.0,4100000.000000001,13300000.000000002,-9181000.0,99999.99999999999,-22381000,-162.0,-13300000,-174.0,0.0,-13300000,-174.0,0.0,-13300000,-174.0,-133.0,-133.0,100000.0,100000.0,https://www.sec.gov/Archives/edgar/data/1270436/000119312505225594/0001193125-05-225594-index.htm,https://www.sec.gov/Archives/edgar/data/1270436/000119312505225594/d10q.htm
0,2005-06-30,COHN,2005-08-15,2005-08-15 16:11:24,Q2,0.0,9000000.0,-9000000.0,0.0,0.0,7000000.0,0.0,800000.0,7899999.999999999,16900000,-15730000,100000.0,-32530000,0.0,-16900000,0.0,0.0,-16900000,0.0,0.0,-16900000,0.0,-169.0,-169.0,100000.0,100000.0,https://www.sec.gov/Archives/edgar/data/1270436/000119312505168568/0001193125-05-168568-index.htm,https://www.sec.gov/Archives/edgar/data/1270436/000119312505168568/d10q.htm
0,2005-03-31,COHN,2005-05-13,2005-05-13 12:13:51,Q1,0.0,6700000.0,-6700000.0,0.0,0.0,1300000.0,0.0,700000.0,1999999.999999999,8700000.0,-6699000.0,100000.0,-15299000,0.0,-8700000.0,0.0,0.0,-8700000.0,0.0,0.0,-8700000.0,0.0,-87.0,-87.0,100000.0,100000.0,https://www.sec.gov/Archives/edgar/data/1270436/000119312505106771/0001193125-05-106771-index.htm,https://www.sec.gov/Archives/edgar/data/1270436/000119312505067032/d10k.htm
0,2004-12-31,COHN,2005-03-31,2005-03-31 15:57:33,Q4,0.0,5300000.0,-5300000.0,0.0,0.0,2600000.0,0.0,900000.0,3300000.0,8600000.0,-9842000.0,100000.0,-18342000,0.0,-8600000.0,0.0,0.0,-8600000.0,0.0,0.0,-8600000.0,0.0,-86.0,-86.0,100000.0,100000.0,https://www.sec.gov/Archives/edgar/data/1270436/000119312505067032/0001193125-05-067032-index.htm,https://www.sec.gov/Archives/edgar/data/1270436/000119312505067032/d10k.htm
0,2004-09-30,COHN,2004-11-10,2004-11-10 16:44:53,Q3,0.0,3100000.0,-3100000.0,0.0,0.0,1100000.0,0.0,700000.0,1499999.9999999995,4600000.0,-4495000.0,100000.0,-8995000.0,0.0,-4600000.0,0.0,0.0,-4600000.0,0.0,0.0,-4600000.0,0.0,-46.0,-46.0,100000.0,100000.0,https://www.sec.gov/Archives/edgar/data/1270436/000119312504192897/0001193125-04-192897-index.htm,https://www.sec.gov/Archives/edgar/data/1270436/000119312504192897/d10q.htm
0,2004-06-30,COHN,,Not found...,Q2,0.0,1300000.0,0.0,0.0,0.0,900000.0,0.0,600000.0,1600000.0,2900000.0,0.0,0.0,-2900000.0,0.0,-2900000.0,0.0,0.0,-2900000.0,0.0,0.0,-2900000.0,0.0,-29.0,-29.0,100000.0,100000.0,,
