,date,symbol,fillingDate,acceptedDate,period,revenue,costOfRevenue,grossProfit,grossProfitRatio,researchAndDevelopmentExpenses,generalAndAdministrativeExpenses,sellingAndMarketingExpenses,otherExpenses,operatingExpenses,costAndExpenses,interestExpense,depreciationAndAmortization,ebitda,ebitdaratio,operatingIncome,operatingIncomeRatio,totalOtherIncomeExpensesNet,incomeBeforeTax,incomeBeforeTaxRatio,incomeTaxExpense,netIncome,netIncomeRatio,eps,epsdiluted,weightedAverageShsOut,weightedAverageShsOutDil,link,finalLink
0,2020-09-30,CINF,2020-10-26,2020-10-26 16:11:21,Q3,2227000000,1143000000,1084000000,0.48675348001796137,0.0,0.0,0.0,5000000.0,5000000.0,1143000000,13000000,20000000,634000000,0.28468792097,614000000,0.275707229457,0.0,614000000,0.275707229457,130000000,484000000,0.217332734621,2.99,2.99,161300000,162500000,https://www.sec.gov/Archives/edgar/data/20286/000002028620000082/0000020286-20-000082-index.htm,https://www.sec.gov/Archives/edgar/data/20286/000002028620000082/cinf-20200930.htm
0,2020-06-30,CINF,2020-07-27,2020-07-27 16:26:23,Q2,1488000000,0.0,1488000000,1.0,0.0,0.0,0.0,5000000.0,1555000000,1555000000,14000000,20000000,1179000000,0.792339,1159000000,0.778898,0.0,1145000000,0.769489,236000000,909000000,0.610887,5.62848,5.62848,161500000,161500000,https://www.sec.gov/Archives/edgar/data/20286/000002028620000060/0000020286-20-000060-index.htm,https://www.sec.gov/Archives/edgar/data/20286/000002028620000060/cinf-20200630.htm
0,2020-03-31,CINF,2020-04-27,2020-04-27 16:18:40,Q1,1461000000,0.0,1461000000,1.0,0.0,0.0,0.0,5000000.0,1464000000,1464000000,13000000,22000000,-1541000000,-1.054757,-1563000000,-1.069815,0.0,-1576000000,-1.078713,-350000000,-1226000000,-0.839151,-7.55857,-7.55857,162200000,162200000,https://www.sec.gov/Archives/edgar/data/20286/000002028620000041/0000020286-20-000041-index.htm,https://www.sec.gov/Archives/edgar/data/20286/000002028620000011/cinf-20191231x10k.htm
0,2019-12-31,CINF,2020-02-25,2020-02-25 11:05:54,Q4,1447000000,0.0,1447000000,1.0,0.0,0.0,0.0,6000000.0,1358000000,1358000000,13000000,18000000,812000000,0.561161,794000000,0.548721,0.0,781000000,0.539737,155000000,626000000,0.432619,3.79164,3.79164,165100000,165100000,https://www.sec.gov/Archives/edgar/data/20286/000002028620000011/0000020286-20-000011-index.htm,https://www.sec.gov/Archives/edgar/data/20286/000002028620000011/cinf-20191231x10k.htm
0,2019-09-30,CINF,2019-10-24,2019-10-25 07:37:03,Q3,1453000000,0.0,1453000000,1.0,0.0,0.0,0.0,5000000.0,1392000000,1392000000,14000000,18000000,326000000,0.224363,308000000,0.211975,0.0,294000000,0.20234,46000000,248000000,0.170681,1.49758,1.49758,165600000,165600000,https://www.sec.gov/Archives/edgar/data/20286/000002028619000065/0000020286-19-000065-index.htm,https://www.sec.gov/Archives/edgar/data/20286/000002028619000065/cinf-2019930x10q.htm
0,2019-06-30,CINF,2019-07-30,2019-07-30 16:09:44,Q2,1389000000,0.0,1389000000,1.0,0.0,0.0,0.0,4000000.0,1370000000,1370000000,13000000,17000000,560000000,0.403168,543000000,0.390929,0.0,530000000,0.381569,102000000,428000000,0.308135,2.5908,2.5908,165200000,165200000,https://www.sec.gov/Archives/edgar/data/20286/000002028619000047/0000020286-19-000047-index.htm,https://www.sec.gov/Archives/edgar/data/20286/000002028619000047/cinf-2019630x10q.htm
0,2019-03-31,CINF,2019-04-24,2019-04-24 16:14:58,Q1,1339000000,0.0,1339000000,1.0,0.0,0.0,0.0,8000000.0,1279000000,1279000000,13000000,19000000,899000000,0.671397,880000000,0.657207,0.0,867000000,0.647498,172000000,695000000,0.519044,4.22236,4.22236,164600000,164600000,https://www.sec.gov/Archives/edgar/data/20286/000002028619000029/0000020286-19-000029-index.htm,https://www.sec.gov/Archives/edgar/data/20286/000002028619000012/cinf-20181231x10k.htm
0,2018-12-31,CINF,2019-02-22,2019-02-22 12:23:06,Q4,1323000000,0.0,1323000000,1.0,0.0,0.0,0.0,6000000.0,1278000000,1278000000,13000000,15000000,-553000000,-0.417989,-568000000,-0.429327,0.0,-581000000,-0.439153,-129000000,-452000000,-0.341648,-2.77471,-2.77471,162900000,162900000,https://www.sec.gov/Archives/edgar/data/20286/000002028619000012/0000020286-19-000012-index.htm,https://www.sec.gov/Archives/edgar/data/20286/000002028619000012/cinf-20181231x10k.htm
0,2018-09-30,CINF,2018-10-25,2018-10-25 16:16:31,Q3,1303000000,0.0,1303000000,1.0,0.0,0.0,0.0,3000000.0,1283000000,1283000000,14000000,16000000,648000000,0.497314,632000000,0.485035,0.0,618000000,0.47429,65000000,553000000,0.424405,3.37195,3.37195,164000000,164000000,https://www.sec.gov/Archives/edgar/data/20286/000002028618000074/0000020286-18-000074-index.htm,https://www.sec.gov/Archives/edgar/data/20286/000002028618000074/cinf-2018930x10q.htm
0,2018-06-30,CINF,2018-07-26,2018-07-26 16:12:28,Q2,1299000000,0.0,1299000000,1.0,0.0,0.0,0.0,3000000.0,1281000000,1281000000,13000000,14000000,291000000,0.224018,277000000,0.213241,0.0,264000000,0.203233,47000000,217000000,0.167052,1.31915,1.31915,164500000,164500000,https://www.sec.gov/Archives/edgar/data/20286/000002028618000047/0000020286-18-000047-index.htm,https://www.sec.gov/Archives/edgar/data/20286/000002028618000047/cinf-2018630x10q.htm
0,2018-03-31,CINF,2018-04-25,2018-04-25 16:17:30,Q1,1265000000,0.0,1265000000,1.0,0.0,0.0,0.0,4000000.0,1261000000,1261000000,13000000,18000000,-19000000,-0.01502,-37000000,-0.029249,0.0,-50000000,-0.039526,-19000000,-31000000,-0.024506,-0.18902,-0.18902,164000000,164000000,https://www.sec.gov/Archives/edgar/data/20286/000002028618000030/0000020286-18-000030-index.htm,https://www.sec.gov/Archives/edgar/data/20286/000002028618000012/cinf-20171231x10k.htm
0,2017-12-31,CINF,2018-02-23,2018-02-23 09:55:38,Q4,1263000000,0.0,1263000000,1.0,0.0,0.0,0.0,2000000.0,1200000000,1200000000,14000000,15000000,721000000,0.570863,211000000,0.167063,0.0,197000000,0.155978,50000000,642000000,0.508314,3.87447,3.87447,165700000,165700000,https://www.sec.gov/Archives/edgar/data/20286/000002028618000012/0000020286-18-000012-index.htm,https://www.sec.gov/Archives/edgar/data/20286/000002028618000012/cinf-20171231x10k.htm
0,2017-09-30,CINF,2017-10-26,2017-10-26 16:12:55,Q3,1252000000,0.0,1252000000,1.0,0.0,0.0,0.0,3000000.0,1270000000,1270000000,13000000,13000000,155000000,0.123802,142000000,0.113419,0.0,129000000,0.103035,27000000,102000000,0.08147,0.61483,0.61483,165900000,165900000,https://www.sec.gov/Archives/edgar/data/20286/000002028617000069/0000020286-17-000069-index.htm,https://www.sec.gov/Archives/edgar/data/20286/000002028617000069/cinf-2017930x10q.htm
0,2017-06-30,CINF,2017-08-02,2017-08-02 16:10:25,Q2,1246000000,0.0,1246000000,1.0,0.0,0.0,0.0,4000000.0,1245000000,1245000000,13000000,13000000,154000000,0.123596,141000000,0.113162,0.0,128000000,0.102729,28000000,100000000,0.080257,0.60241,0.60241,166000000,166000000,https://www.sec.gov/Archives/edgar/data/20286/000002028617000049/0000020286-17-000049-index.htm,https://www.sec.gov/Archives/edgar/data/20286/000002028617000049/cinf-2017630x10q.htm
0,2017-03-31,CINF,2017-04-26,2017-04-26 16:11:18,Q1,1214000000,0.0,1214000000,1.0,0.0,0.0,0.0,4000000.0,1234000000,1234000000,13000000,14000000,303000000,0.249588,289000000,0.238056,0.0,276000000,0.227348,75000000,201000000,0.165568,1.20721,1.20721,166500000,166500000,https://www.sec.gov/Archives/edgar/data/20286/000002028617000034/0000020286-17-000034-index.htm,https://www.sec.gov/Archives/edgar/data/20286/000002028617000013/cinf-20161231x10k.htm
0,2016-12-31,CINF,2017-02-24,2017-02-24 09:06:54,Q4,1196000000,0.0,1196000000,1.0,0.0,0.0,0.0,2000000.0,1170000000,1170000000,14000000,14000000,156000000,0.130435,142000000,0.118729,0.0,128000000,0.107023,28000000,100000000,0.083612,0.6006,0.6006,166500000,166500000,https://www.sec.gov/Archives/edgar/data/20286/000002028617000013/0000020286-17-000013-index.htm,https://www.sec.gov/Archives/edgar/data/20286/000002028617000013/cinf-20161231x10k.htm
0,2016-09-30,CINF,2016-10-25,2016-10-25 16:10:47,Q3,1198000000,0.0,1198000000,1.0,0.0,0.0,0.0,3000000.0,1136000000,1136000000,13000000,10000000,276000000,0.230384,266000000,0.222037,0.0,253000000,0.211185,73000000,180000000,0.15025,1.07914,1.07914,166800000,166800000,https://www.sec.gov/Archives/edgar/data/20286/000002028616000100/0000020286-16-000100-index.htm,https://www.sec.gov/Archives/edgar/data/20286/000002028616000100/cinf-2016930x10q.htm
0,2016-06-30,CINF,2016-07-26,2016-07-26 16:10:19,Q2,1178000000,0.0,1178000000,1.0,0.0,0.0,0.0,5000000.0,1192000000,1192000000,13000000,12000000,191000000,0.162139,179000000,0.151952,0.0,166000000,0.140917,43000000,123000000,0.104414,0.73874,0.73874,166500000,166500000,https://www.sec.gov/Archives/edgar/data/20286/000002028616000084/0000020286-16-000084-index.htm,https://www.sec.gov/Archives/edgar/data/20286/000002028616000084/cinf-2016630x10q.htm
0,2016-03-31,CINF,2016-04-26,2016-04-26 16:10:53,Q1,1158000000,0.0,1158000000,1.0,0.0,0.0,0.0,2000000.0,1086000000,1086000000,13000000,12000000,290000000,0.250432,278000000,0.240069,0.0,265000000,0.228843,77000000,188000000,0.162349,1.13253,1.13253,166000000,166000000,https://www.sec.gov/Archives/edgar/data/20286/000002028616000065/0000020286-16-000065-index.htm,https://www.sec.gov/Archives/edgar/data/20286/000002028616000055/cinf-20151231x10k.htm
0,2015-12-31,CINF,2016-02-26,2016-02-26 11:07:26,Q4,1153000000,0.0,1153000000,1.0,0.0,0.0,0.0,3000000.0,1034000000,1034000000,13000000,13000000,242000000,0.209887,229000000,0.198612,0.0,216000000,0.187337,60000000,156000000,0.135299,0.94033,0.94033,165900000,165900000,https://www.sec.gov/Archives/edgar/data/20286/000002028616000055/0000020286-16-000055-index.htm,https://www.sec.gov/Archives/edgar/data/20286/000002028616000055/cinf-20151231x10k.htm
0,2015-09-30,CINF,2015-10-27,2015-10-27 16:09:51,Q3,1132000000,0.0,1132000000,1.0,0.0,0.0,0.0,3000000.0,1021000000,1021000000,14000000,12000000,269000000,0.237633,257000000,0.227032,0.0,243000000,0.214664,69000000,174000000,0.15371,1.04317,1.04317,166800000,166800000,https://www.sec.gov/Archives/edgar/data/20286/000002028615000040/0000020286-15-000040-index.htm,https://www.sec.gov/Archives/edgar/data/20286/000002028615000040/cinf-2015930x10q.htm
0,2015-06-30,CINF,2015-07-28,2015-07-28 16:10:16,Q2,1116000000,0.0,1116000000,1.0,0.0,0.0,0.0,3000000.0,1055000000,1055000000,13000000,13000000,274000000,0.24552,261000000,0.233871,0.0,248000000,0.222222,72000000,176000000,0.157706,1.05516,1.05516,166800000,166800000,https://www.sec.gov/Archives/edgar/data/20286/000002028615000032/0000020286-15-000032-index.htm,https://www.sec.gov/Archives/edgar/data/20286/000002028615000032/cinf-2015630x10q.htm
0,2015-03-31,CINF,2015-04-28,2015-04-28 16:09:46,Q1,1099000000,0.0,1099000000,1.0,0.0,0.0,0.0,4000000.0,1098000000,1098000000,13000000,14000000,201000000,0.182894,187000000,0.170155,0.0,174000000,0.158326,46000000,128000000,0.11647,0.76693,0.76693,166900000,166900000,https://www.sec.gov/Archives/edgar/data/20286/000002028615000021/0000020286-15-000021-index.htm,https://www.sec.gov/Archives/edgar/data/20286/000002028615000011/cinf-20141231x10k.htm
0,2014-12-31,CINF,2015-02-27,2015-02-27 08:07:25,Q4,1090000000,0.0,1090000000,1.0,0.0,0.0,0.0,4000000.0,1013000000,1013000000,13000000,13000000,262000000,0.240367,249000000,0.22844,0.0,236000000,0.216514,69000000,167000000,0.153211,1.0018,1.0018,166700000,166700000,https://www.sec.gov/Archives/edgar/data/20286/000002028615000011/0000020286-15-000011-index.htm,https://www.sec.gov/Archives/edgar/data/20286/000002028615000011/cinf-20141231x10k.htm
0,2014-09-30,CINF,2014-10-28,2014-10-28 16:08:05,Q3,1077000000,0.0,1077000000,1.0,0.0,0.0,0.0,3000000.0,1008000000,1008000000,13000000,13000000,285000000,0.264624,272000000,0.252553,0.0,259000000,0.240483,76000000,183000000,0.169916,1.10042,1.10042,166300000,166300000,https://www.sec.gov/Archives/edgar/data/20286/000002028614000040/0000020286-14-000040-index.htm,https://www.sec.gov/Archives/edgar/data/20286/000002028614000040/cinf-2014930x10q.htm
0,2014-06-30,CINF,2014-07-29,2014-07-29 16:05:51,Q2,1064000000,0.0,1064000000,1.0,0.0,0.0,0.0,3000000.0,1094000000,1094000000,13000000,12000000,132000000,0.12406,120000000,0.112782,0.0,107000000,0.100564,23000000,84000000,0.078947,0.50481,0.50481,166400000,166400000,https://www.sec.gov/Archives/edgar/data/20286/000002028614000031/0000020286-14-000031-index.htm,https://www.sec.gov/Archives/edgar/data/20286/000002028614000031/cinf-2014630x10q.htm
0,2014-03-31,CINF,2014-04-24,2014-04-24 16:06:20,Q1,1032000000,0.0,1032000000,1.0,0.0,0.0,0.0,4000000.0,1056000000,1056000000,14000000,13000000,146000000,0.141473,133000000,0.128876,0.0,119000000,0.11531,28000000,91000000,0.088178,0.5472,0.5472,166300000,166300000,https://www.sec.gov/Archives/edgar/data/20286/000002028614000016/0000020286-14-000016-index.htm,https://www.sec.gov/Archives/edgar/data/20286/000002028614000009/cinf-20131231x10k.htm
0,2013-12-31,CINF,2014-02-27,2014-02-27 15:43:26,Q4,1029000000,0.0,1029000000,1.0,0.0,0.0,0.0,3000000.0,991000000,991000000,14000000,20000000,201000000,0.195335,181000000,0.175899,0.0,167000000,0.162293,45000000,122000000,0.118562,0.73098,0.73098,166900000,166900000,https://www.sec.gov/Archives/edgar/data/20286/000002028614000009/0000020286-14-000009-index.htm,https://www.sec.gov/Archives/edgar/data/20286/000002028614000009/cinf-20131231x10k.htm
0,2013-09-30,CINF,2013-10-24,2013-10-24 16:12:39,Q3,997000000,0.0,997000000,1.0,0.0,0.0,0.0,3000000.0,957000000,957000000,13000000,10000000,205000000,0.205617,195000000,0.195587,0.0,182000000,0.182548,51000000,131000000,0.131394,0.79106,0.79106,165600000,165600000,https://www.sec.gov/Archives/edgar/data/20286/000002028613000021/0000020286-13-000021-index.htm,https://www.sec.gov/Archives/edgar/data/20286/000002028613000021/cinf-2013930x10q.htm
0,2013-06-30,CINF,2013-07-25,2013-07-25 16:17:51,Q2,959000000,0.0,959000000,1.0,0.0,0.0,0.0,4000000.0,942000000,942000000,14000000,11000000,173000000,0.180396,162000000,0.168926,0.0,148000000,0.154327,38000000,110000000,0.114703,0.66505,0.66505,165400000,165400000,https://www.sec.gov/Archives/edgar/data/20286/000002028613000013/0000020286-13-000013-index.htm,https://www.sec.gov/Archives/edgar/data/20286/000002028613000013/cinf-2013630x10q.htm
0,2013-03-31,CINF,2013-04-25,2013-04-25 16:14:43,Q1,934000000,0.0,934000000,1.0,0.0,0.0,0.0,5000000.0,873000000,873000000,13000000,9000000.0,239000000,0.255889,230000000,0.246253,0.0,217000000,0.232334,63000000,154000000,0.164882,0.9339,0.9339,164900000,164900000,https://www.sec.gov/Archives/edgar/data/20286/000002028613000004/0000020286-13-000004-index.htm,https://www.sec.gov/Archives/edgar/data/20286/000114420413011557/v329482_10k.htm
0,2012-12-31,CINF,2013-02-27,2013-02-27 16:19:15,Q4,921000000,0.0,921000000,1.0,0.0,0.0,0.0,4000000.0,784000000,784000000,13000000,12000000,298000000,0.323561,286000000,0.310532,-65000000,273000000,0.296417,81000000,192000000,0.208469,1.16931,1.16931,164200000,164200000,https://www.sec.gov/Archives/edgar/data/20286/000114420413011557/0001144204-13-011557-index.htm,https://www.sec.gov/Archives/edgar/data/20286/000114420413011557/v329482_10k.htm
0,2012-09-30,CINF,2012-10-25,2012-10-25 16:39:03,Q3,893000000,0.0,893000000,1.0,0.0,0.0,0.0,2000000.0,869000000,869000000,14000000,10000000,176000000,0.197088,166000000,0.18589,249000000,152000000,0.170213,41000000,111000000,0.1243,0.67724,0.67724,163900000,163900000,https://www.sec.gov/Archives/edgar/data/20286/000114420412057761/0001144204-12-057761-index.htm,https://www.sec.gov/Archives/edgar/data/20286/000114420412057761/v322568_10q.htm
0,2012-06-30,CINF,2012-07-26,2012-07-26 16:47:38,Q2,882000000,0.0,882000000,1.0,0.0,0.0,0.0,4000000.0,978000000,978000000,13000000,11000000,53000000,0.060091,42000000,0.047619,168000000,29000000,0.03288,-3000000.0,32000000,0.036281,0.19572,0.19572,163500000,163500000,https://www.sec.gov/Archives/edgar/data/20286/000114420412041164/0001144204-12-041164-index.htm,https://www.sec.gov/Archives/edgar/data/20286/000114420412041164/v315817_10q.htm
0,2012-03-31,CINF,2012-04-26,2012-04-26 16:45:32,Q1,842000000,0.0,842000000,1.0,0.0,0.0,0.0,4000000.0,860000000,860000000,14000000,11000000,137000000,0.162708,126000000,0.149644,225000000,112000000,0.133017,26000000,86000000,0.102138,0.52988,0.52988,162300000,162300000,https://www.sec.gov/Archives/edgar/data/20286/000114420412024089/0001144204-12-024089-index.htm,https://www.sec.gov/Archives/edgar/data/20286/000114420412011957/v239554_10k.htm
0,2011-12-31,CINF,2012-02-29,2012-02-29 15:04:13,Q4,830000000,0.0,830000000,1.0,0.0,0.0,0.0,-1000000.0,755000000,755000000,14000000,4000000.0,204000000,0.245783,200000000,0.240964,0.0,186000000,0.224096,52000000,134000000,0.161446,0.82108,0.82108,163200000,163200000,https://www.sec.gov/Archives/edgar/data/20286/000114420412011957/0001144204-12-011957-index.htm,https://www.sec.gov/Archives/edgar/data/20286/000114420412011957/v239554_10k.htm
0,2011-09-30,CINF,2011-10-27,2011-10-27 16:31:51,Q3,816000000,0.0,816000000,1.0,0.0,0.0,0.0,4000000.0,920000000,920000000,13000000,15000000,39000000,0.047794,24000000,0.029412,0.0,11000000,0.01348,-8000000.0,19000000,0.023284,0.11649,0.11649,163100000,163100000,https://www.sec.gov/Archives/edgar/data/20286/000114420411059805/0001144204-11-059805-index.htm,https://www.sec.gov/Archives/edgar/data/20286/000114420411059805/v237330_10q.htm
0,2011-06-30,CINF,2011-07-27,2011-07-27 16:31:03,Q2,776000000,0.0,776000000,1.0,0.0,0.0,0.0,6000000.0,1058000000,1058000000,14000000,12000000,-71000000,-0.091495,-83000000,-0.106959,0.0,-97000000,-0.125,-48000000,-49000000,-0.063144,-0.30043,-0.30043,163100000,163100000,https://www.sec.gov/Archives/edgar/data/20286/000114420411042390/0001144204-11-042390-index.htm,https://www.sec.gov/Archives/edgar/data/20286/000114420411042390/v225535_10q.htm
0,2011-03-31,CINF,2011-04-27,2011-04-27 16:56:00,Q1,786000000,0.0,786000000,1.0,0.0,0.0,0.0,4000000.0,840000000,840000000,13000000,11000000,100000000,0.127226,89000000,0.113232,0.0,76000000,0.096692,14000000,62000000,0.07888,0.37874,0.37874,163700000,163700000,https://www.sec.gov/Archives/edgar/data/20286/000114420411024317/0001144204-11-024317-index.htm,https://www.sec.gov/Archives/edgar/data/20286/000114420411011090/v212346_10k.htm
0,2010-12-31,CINF,2011-02-25,2011-02-25 16:54:26,Q4,787000000,0.0,787000000,1.0,0.0,0.0,0.0,5000000.0,748000000,748000000,14000000,11000000,199000000,0.252859,188000000,0.238882,-9000000.0,174000000,0.221093,48000000,126000000,0.160102,0.77159,0.77159,163300000,163300000,https://www.sec.gov/Archives/edgar/data/20286/000114420411011090/0001144204-11-011090-index.htm,https://www.sec.gov/Archives/edgar/data/20286/000114420411011090/v212346_10k.htm
0,2010-09-30,CINF,2010-10-27,2010-10-27 16:51:28,Q3,788000000,0.0,788000000,1.0,0.0,0.0,0.0,4000000.0,837000000,837000000,13000000,13000000,247000000,0.313452,234000000,0.296954,4000000.0,221000000,0.280457,65000000,156000000,0.19797,0.95588,0.95588,163200000,163200000,https://www.sec.gov/Archives/edgar/data/20286/000114420410055835/0001144204-10-055835-index.htm,https://www.sec.gov/Archives/edgar/data/20286/000114420410055835/v199897_10q.htm
0,2010-06-30,CINF,2010-07-29,2010-07-28 19:05:51,Q2,771000000,0.0,771000000,1.0,0.0,0.0,0.0,3000000.0,844000000,844000000,27000000,7000000.0,55000000,0.071336,34000000,0.044099,2000000.0,21000000,0.027237,-6000000.0,27000000,0.035019,0.16534,0.16534,163300000,163300000,https://www.sec.gov/Archives/edgar/data/20286/000114420410039885/0001144204-10-039885-index.htm,https://www.sec.gov/Archives/edgar/data/20286/000114420410039885/v191493_10q.htm
0,2010-03-31,CINF,2010-04-28,2010-04-28 16:46:34,Q1,749000000,0.0,749000000,1.0,0.0,0.0,0.0,4000000.0,788000000,788000000,-14000000,10000000,81000000,0.108144,99000000,0.132176,3000000.0,85000000,0.113485,17000000,68000000,0.090788,0.41641,0.41641,163300000,163300000,https://www.sec.gov/Archives/edgar/data/20286/000114420410022715/0001144204-10-022715-index.htm,https://www.sec.gov/Archives/edgar/data/20286/000114420410010174/v175306_10k.htm
0,2009-12-31,CINF,2010-02-26,2010-02-26 11:24:12,Q4,756000000,0.0,756000000,1.0,0.0,0.0,0.0,6000000.0,765000000,765000000,-13000000,17000000,359000000,0.474868,368000000,0.486772,3000000.0,355000000,0.469577,110000000,245000000,0.324074,1.50307,1.50307,163000000,163000000,https://www.sec.gov/Archives/edgar/data/20286/000114420410010174/0001144204-10-010174-index.htm,https://www.sec.gov/Archives/edgar/data/20286/000114420410010174/v175306_10k.htm
0,2009-09-30,CINF,2009-10-29,2009-10-29 08:07:53,Q3,770000000,0.0,770000000,1.0,0.0,0.0,0.0,4000000.0,749000000,749000000,-14000000,7000000.0,237000000,0.307792,258000000,0.335065,3000000.0,244000000,0.316883,73000000,171000000,0.222078,1.04972,1.04972,162900000,162900000,https://www.sec.gov/Archives/edgar/data/20286/000095012309054521/0000950123-09-054521-index.htm,https://www.sec.gov/Archives/edgar/data/20286/000095012309054521/l37872e10vq.htm
0,2009-06-30,CINF,2009-08-07,2009-08-07 14:19:48,Q2,772000000,0.0,772000000,1.0,0.0,0.0,0.0,4000000.0,910000000,910000000,-14000000,6000000.0,-59000000,-0.076425,-37000000,-0.047927,3000000.0,-51000000,-0.066062,-32000000,-19000000,-0.024611,-0.11685,-0.11685,162600000,162600000,https://www.sec.gov/Archives/edgar/data/20286/000095012309031962/0000950123-09-031962-index.htm,https://www.sec.gov/Archives/edgar/data/20286/000095012309031962/l37139e10vq.htm
0,2009-03-31,CINF,2009-04-30,2009-04-30 08:10:26,Q1,768000000,0.0,768000000,1.0,0.0,0.0,0.0,6000000.0,842000000,842000000,-14000000,8000000.0,28000000,0.036458,48000000,0.0625,3000000.0,34000000,0.044271,-1000000.0,35000000,0.045573,0.21512,0.21512,162700000,162700000,https://www.sec.gov/Archives/edgar/data/20286/000095015209004408/0000950152-09-004408-index.htm,https://www.sec.gov/Archives/edgar/data/20286/000095015209001908/l35496ae10vk.htm
0,2008-12-31,CINF,2009-02-27,2009-02-27 13:02:39,Q4,783000000,0.0,783000000,1.0,0.0,0.0,0.0,6000000.0,784000000,784000000,-14000000,5000000.0,211000000,0.269476,234000000,0.298851,2000000.0,220000000,0.280971,59000000,161000000,0.205619,0.99138,0.99138,162400000,162400000,https://www.sec.gov/Archives/edgar/data/20286/000095015209001908/0000950152-09-001908-index.htm,https://www.sec.gov/Archives/edgar/data/20286/000095015209001908/l35496ae10vk.htm
0,2008-09-30,CINF,2008-10-29,2008-10-29 07:32:19,Q3,784000000,0.0,784000000,1.0,0.0,0.0,0.0,5000000.0,816000000,816000000,-14000000,8000000.0,350000000,0.446429,370000000,0.471939,3000000.0,356000000,0.454082,109000000,247000000,0.315051,1.50426,1.50426,164200000,164200000,https://www.sec.gov/Archives/edgar/data/20286/000095015208008305/0000950152-08-008305-index.htm,https://www.sec.gov/Archives/edgar/data/20286/000095015208008305/l34226ae10vq.htm
0,2008-06-30,CINF,2008-08-06,2008-08-06 08:01:20,Q2,798000000,0.0,798000000,1.0,0.0,0.0,0.0,-101000000,839000000,839000000,-13000000,11000000,63000000,0.078947,78000000,0.097744,4000000.0,65000000,0.081454,1000000.0,64000000,0.080201,0.39144,0.39144,163500000,163500000,https://www.sec.gov/Archives/edgar/data/20286/000095015208006047/0000950152-08-006047-index.htm,https://www.sec.gov/Archives/edgar/data/20286/000095015208006047/l32719ae10vq.htm
0,2008-03-31,CINF,2008-04-30,2008-04-30 08:18:15,Q1,784000000,0.0,784000000,1.0,0.0,0.0,0.0,112000000,792000000,792000000,-12000000,8000000.0,-105000000,-0.133929,-89000000,-0.11352,4000000.0,-101000000,-0.128827,-58000000,-43000000,-0.054847,-0.26045,-0.26045,165100000,165100000,https://www.sec.gov/Archives/edgar/data/20286/000095015208003198/0000950152-08-003198-index.htm,https://www.sec.gov/Archives/edgar/data/20286/000095015208001543/l30304ae10vk.htm
0,2007-12-31,CINF,2008-02-29,2008-02-29 11:02:37,Q4,807000000,0.0,807000000,1.0,0.0,0.0,0.0,115000000,710000000,710000000,-13000000,10000000,250000000,0.309789,266000000,0.329616,4000000.0,253000000,0.313507,67000000,186000000,0.230483,1.1032,1.1032,168600000,168600000,https://www.sec.gov/Archives/edgar/data/20286/000095015208001543/0000950152-08-001543-index.htm,https://www.sec.gov/Archives/edgar/data/20286/000095015208001543/l30304ae10vk.htm
0,2007-09-30,CINF,2007-11-05,2007-11-05 10:42:57,Q3,814000000,0.0,814000000,1.0,0.0,0.0,0.0,108000000,809000000,809000000,-13000000,10000000,157000000,0.192875,173000000,0.212531,4000000.0,160000000,0.19656,36000000,124000000,0.152334,0.71926,0.71926,172400000,172400000,https://www.sec.gov/Archives/edgar/data/20286/000095015207008552/0000950152-07-008552-index.htm,https://www.sec.gov/Archives/edgar/data/20286/000095015207008552/l28489ae10vq.htm
0,2007-06-30,CINF,2007-08-07,2007-08-07 07:41:38,Q2,827000000,0.0,827000000,1.0,0.0,0.0,0.0,106000000,749000000,749000000,-13000000,9000000.0,504000000,0.609432,521000000,0.629988,5000000.0,508000000,0.614268,157000000,351000000,0.424426,2.02422,2.02422,173400000,173400000,https://www.sec.gov/Archives/edgar/data/20286/000095015207006446/0000950152-07-006446-index.htm,https://www.sec.gov/Archives/edgar/data/20286/000095015207006446/l27270ae10vq.htm
0,2007-03-31,CINF,2007-05-02,2007-05-02 07:30:58,Q1,821000000,0.0,821000000,1.0,0.0,0.0,0.0,108000000,747000000,747000000,-13000000,7000000.0,265000000,0.322777,284000000,0.34592,6000000.0,271000000,0.330085,77000000,194000000,0.236297,1.11302,1.11302,174300000,174300000,https://www.sec.gov/Archives/edgar/data/20286/000095015207003818/0000950152-07-003818-index.htm,https://www.sec.gov/Archives/edgar/data/20286/000095015207001625/l24955ae10vk.htm
0,2006-12-31,CINF,2007-02-28,2007-02-28 16:46:10,Q4,838000000,0.0,838000000,1.0,0.0,0.0,0.0,119000000,809000000,809000000,-14000000,12000000,170000000,0.202864,186000000,0.221957,4000000.0,172000000,0.205251,42000000,130000000,0.155131,0.74928,0.74928,173500000,173500000,https://www.sec.gov/Archives/edgar/data/20286/000095015207001625/0000950152-07-001625-index.htm,https://www.sec.gov/Archives/edgar/data/20286/000095015207001625/l24955ae10vk.htm
0,2006-09-30,CINF,2006-11-01,2006-11-01 07:42:59,Q3,823000000,0.0,823000000,1.0,0.0,0.0,0.0,106000000,806000000,806000000,-13000000,10000000,145000000,0.176185,161000000,0.195626,5000000.0,148000000,0.17983,33000000,115000000,0.139733,0.65602,0.65602,175300000,175300000,https://www.sec.gov/Archives/edgar/data/20286/000095015206008631/0000950152-06-008631-index.htm,https://www.sec.gov/Archives/edgar/data/20286/000095015206008631/l22574ae10vq.htm
0,2006-06-30,CINF,2006-08-02,2006-08-02 07:49:56,Q2,828000000,0.0,828000000,1.0,0.0,0.0,0.0,98000000,793000000,793000000,-13000000,8000000.0,170000000,0.205314,188000000,0.227053,5000000.0,175000000,0.211353,43000000,132000000,0.15942,0.75429,0.75429,175000000,175000000,https://www.sec.gov/Archives/edgar/data/20286/000095015206006355/0000950152-06-006355-index.htm,https://www.sec.gov/Archives/edgar/data/20286/000095015206006355/l21643ae10vq.htm
0,2006-03-31,CINF,2006-05-03,2006-05-03 15:08:35,Q1,808000000,0.0,808000000,1.0,0.0,0.0,0.0,107000000,760000000,760000000,-13000000,8000000.0,829000000,1.02599,847000000,1.048267,4000000.0,834000000,1.032178,282000000,552000000,0.683168,3.13458,3.13458,176100000,176100000,https://www.sec.gov/Archives/edgar/data/20286/000095015206003809/0000950152-06-003809-index.htm,https://www.sec.gov/Archives/edgar/data/20286/000095015206001975/l18781ae10vk.htm
0,2005-12-31,CINF,2006-03-10,2006-03-10 17:16:38,Q4,808000000,0.0,808000000,1.0,0.0,0.0,0.0,95000000,693000000,693000000,-12000000,11000000,260000000,0.321782,274000000,0.339109,4000000.0,261000000,0.32302,78000000,183000000,0.226485,1.04036,1.04036,175900000,175900000,https://www.sec.gov/Archives/edgar/data/20286/000095015206001975/0000950152-06-001975-index.htm,https://www.sec.gov/Archives/edgar/data/20286/000095015206001975/l18781ae10vk.htm
0,2005-09-30,CINF,2005-11-02,2005-11-02 07:31:36,Q3,794000000,0.0,794000000,1.0,0.0,0.0,0.0,97000000,780000000,780000000,-13000000,8000000.0,146000000,0.183879,164000000,0.206549,5000000.0,151000000,0.190176,34000000,117000000,0.147355,0.6599,0.6599,177300000,177300000,https://www.sec.gov/Archives/edgar/data/20286/000095015205008627/0000950152-05-008627-index.htm,https://www.sec.gov/Archives/edgar/data/20286/000095015205008627/l16396ae10vq.htm
0,2005-06-30,CINF,2005-08-04,2005-08-04 07:31:24,Q2,798000000,0.0,798000000,1.0,0.0,0.0,0.0,92000000,712000000,712000000,-13000000,7000000.0,209000000,0.261905,228000000,0.285714,3000000.0,215000000,0.269424,57000000,158000000,0.197995,0.89014,0.89014,177500000,177500000,https://www.sec.gov/Archives/edgar/data/20286/000095015205006467/0000950152-05-006467-index.htm,https://www.sec.gov/Archives/edgar/data/20286/000095015205006467/l15347ae10vq.htm
0,2005-03-31,CINF,2005-05-09,2005-05-09 17:29:24,Q1,780000000,0.0,780000000,1.0,0.0,0.0,0.0,88000000,708000000,708000000,-13000000,7000000.0,189000000,0.242308,208000000,0.266667,4000000.0,195000000,0.25,51000000,144000000,0.184615,0.80944,0.80944,177900000,177900000,https://www.sec.gov/Archives/edgar/data/20286/000095015205004176/0000950152-05-004176-index.htm,https://www.sec.gov/Archives/edgar/data/20286/000095015205002027/l12577ae10vk.htm
0,2004-12-31,CINF,2005-03-14,2005-03-11 17:56:32,Q4,779000000,0.0,779000000,1.0,0.0,0.0,0.0,92000000,660000000,660000000,-11000000,5000000.0,266000000,0.341463,282000000,0.362003,2000000.0,272000000,0.349166,79000000,193000000,0.247754,1.09535,1.09535,176200000,176200000,https://www.sec.gov/Archives/edgar/data/20286/000095015205002027/0000950152-05-002027-index.htm,https://www.sec.gov/Archives/edgar/data/20286/000095015205002027/l12577ae10vk.htm
0,2004-09-30,CINF,2004-11-08,2004-11-08 14:05:06,Q3,762000000,0.0,762000000,1.0,0.0,0.0,0.0,79000000,755000000,755000000,-10000000,16000000,119000000,0.156168,124000000,0.16273,3000000.0,113000000,0.148294,23000000,90000000,0.11811,0.50195,0.50195,179300000,179300000,https://www.sec.gov/Archives/edgar/data/20286/000095015204008035/0000950152-04-008035-index.htm,https://www.sec.gov/Archives/edgar/data/20286/000095015204008035/l10422ae10vq.htm
0,2004-06-30,CINF,2004-08-09,2004-08-09 10:11:44,Q2,747000000,0.0,747000000,1.0,0.0,0.0,0.0,90000000,700000000,700000000,-9000000.0,-1000000.0,204000000,0.273092,223000000,0.298527,3000000.0,214000000,0.286479,59000000,155000000,0.207497,0.86738,0.86738,178700000,178700000,https://www.sec.gov/Archives/edgar/data/20286/000095015204006022/0000950152-04-006022-index.htm,https://www.sec.gov/Archives/edgar/data/20286/000095015204006022/l09001ae10vq.htm
0,2004-03-31,CINF,2004-05-07,2004-05-07 16:29:00,Q1,743000000,0.0,743000000,1.0,0.0,0.0,0.0,84000000,661000000,661000000,-8000000.0,8000000.0,201000000,0.270525,209000000,0.281292,3000000.0,201000000,0.270525,55000000,146000000,0.196501,0.81655,0.81655,178800000,178800000,https://www.sec.gov/Archives/edgar/data/20286/000095015204003751/0000950152-04-003751-index.htm,https://www.sec.gov/Archives/edgar/data/20286/000095015204001818/l05798ae10vk.htm
0,2003-12-31,CINF,2004-03-11,2004-03-11 15:11:53,Q4,719000000,0.0,719000000,1.0,0.0,0.0,0.0,86000000,659000000,659000000,-9000000.0,10000000,172000000,0.239221,181000000,0.251739,1000000.0,171000000,0.23783,42000000,129000000,0.179416,0.72799,0.72799,177200000,177200000,https://www.sec.gov/Archives/edgar/data/20286/000095015204001818/0000950152-04-001818-index.htm,https://www.sec.gov/Archives/edgar/data/20286/000095015204001818/l05798ae10vk.htm
0,2003-09-30,CINF,2003-11-13,2003-11-13 15:27:40,Q3,704000000,0.0,704000000,1.0,0.0,0.0,0.0,54000000,691000000,691000000,-8000000.0,6000000.0,135000000,0.191761,145000000,0.205966,3000000.0,137000000,0.194602,33000000,104000000,0.147727,0.58036,0.58036,179200000,179200000,https://www.sec.gov/Archives/edgar/data/20286/000095015203009684/0000950152-03-009684-index.htm,https://www.sec.gov/Archives/edgar/data/20286/000095015203009684/l03879ae10vq.htm
0,2003-06-30,CINF,2003-08-14,2003-08-14 13:19:45,Q2,681000000,0.0,681000000,1.0,0.0,0.0,0.0,71000000,683000000,683000000,-17000000,7000000.0,97000000,0.142438,115000000,0.168869,5000000.0,107000000,0.157122,23000000,84000000,0.123348,0.47138,0.47138,178200000,178200000,https://www.sec.gov/Archives/edgar/data/20286/000095015203007712/0000950152-03-007712-index.htm,https://www.sec.gov/Archives/edgar/data/20286/000095015203007712/l02247ae10vq.htm
0,2003-03-31,CINF,,,Q1,653000000,0.0,0.0,0.0,0.0,0.0,0.0,76000000,634000000,634000000,-8000000.0,7000000.0,64000000,0.098009,73000000,0.111792,0.0,65000000,0.099541,8000000.0,57000000,0.087289,0.31915,0.31915,178600000,178600000,,
0,2002-12-31,CINF,,,Q4,668000000,0.0,0.0,0.0,0.0,0.0,0.0,83000000,649000000,649000000,-8000000.0,8000000.0,65000000,0.097305,73000000,0.109281,0.0,65000000,0.097305,9000000.0,56000000,0.083832,0.31461,0.31461,178000000,178000000,,
0,2002-09-30,CINF,2002-11-14 00:00:00,2002-11-14 19:04:41,Q3,634000000,0.0,0.0,0.0,0.0,0.0,0.0,73000000,632000000,632000000,-9000000.0,2000000.0,83000000,0.130915,99000000,0.156151,0.0,90000000,0.141956,18000000,72000000,0.113565,0.4,0.4,180000000,180000000,https://www.sec.gov/Archives/edgar/data/20286/000095015202008533/0000950152-02-008533-index.html,https://www.sec.gov/Archives/edgar/data/20286/000095015202008533/l97230ae10vq.txt
0,2002-06-30,CINF,2002-08-13 00:00:00,2002-08-13 14:47:41,Q2,604000000,0.0,0.0,0.0,0.0,0.0,0.0,65000000,663000000,663000000,-9000000.0,6000000.0,28000000,0.046358,40000000,0.066225,0.0,31000000,0.051325,-4000000.0,35000000,0.057947,0.19316,0.19316,181200000,181200000,https://www.sec.gov/Archives/edgar/data/20286/000095015202006264/0000950152-02-006264-index.html,https://www.sec.gov/Archives/edgar/data/20286/000095015202006264/l95841ae10vq.txt
0,2002-03-31,CINF,2002-05-10 00:00:00,2002-05-10 10:39:19,Q1,586000000,0.0,0.0,0.0,0.0,0.0,0.0,67000000,585000000,585000000,-9000000.0,6000000.0,90000000,0.153584,102000000,0.174061,0.0,93000000,0.158703,18000000,75000000,0.127986,0.41644,0.41644,180100000,180100000,https://www.sec.gov/Archives/edgar/data/20286/000095015202003991/0000950152-02-003991-index.html,https://www.sec.gov/Archives/edgar/data/20286/000095015202003991/l94457ae10-q.txt
0,2001-12-31,CINF,2002-03-27 00:00:00,2002-03-27 00:00:00,Q4,578900000,0.0,0.0,0.0,0.0,0.0,0.0,79800000,606400000,606400000,-8800000.0,6199999.999999999,35800000,0.061841,47200000,0.081534,0.0,38300000,0.06616,3000000.0,35400000,0.06115,0.19977,0.19977,177200000,177200000,https://www.sec.gov/Archives/edgar/data/20286/000095015202002433/0000950152-02-002433-index.html,https://www.sec.gov/Archives/edgar/data/20286/000095015202002433/l93455ae10-k.txt
0,2001-09-30,CINF,2001-11-13 00:00:00,2001-11-13 00:00:00,Q3,540900000,0.0,0.0,0.0,0.0,0.0,0.0,60200000,599500000,599500000,-10000000,6200000.000000001,30500000,0.056388,44300000,0.081901,0.0,34300000,0.063413,-1400000.0,35700000,0.066001,0.20011,0.20011,178400000,178400000,https://www.sec.gov/Archives/edgar/data/20286/000095015201505718/0000950152-01-505718-index.html,https://www.sec.gov/Archives/edgar/data/20286/000095015201505718/l91348ae10-q.txt
0,2001-06-30,CINF,2001-08-13 00:00:00,2001-08-13 00:00:00,Q2,532200000,0.0,0.0,0.0,0.0,0.0,0.0,65900000,584300000,584300000,-9900000.0,5500000.0,46800000,0.087937,61100000,0.114806,0.0,51200000,0.096204,2200000.0,49000000,0.092071,0.27132,0.27132,180600000,180600000,https://www.sec.gov/Archives/edgar/data/20286/000095015201503774/0000950152-01-503774-index.html,https://www.sec.gov/Archives/edgar/data/20286/000095015201503774/l89896ae10-q.txt
0,2001-03-31,CINF,2001-05-08 00:00:00,2001-05-08 00:00:00,Q1,512800000,0.0,0.0,0.0,0.0,0.0,0.0,67100000,510800000,510800000,-10200000,7100000.0,93800000,0.182917,107100000,0.208853,0.0,96900000,0.188963,24300000,72600000,0.141576,0.39629,0.39629,183200000,183200000,https://www.sec.gov/Archives/edgar/data/20286/000095015201501577/0000950152-01-501577-index.html,https://www.sec.gov/Archives/edgar/data/20286/000095015201501577/l88239ae10-q.txt
0,2000-12-31,CINF,2001-03-22 00:00:00,2001-03-22 00:00:00,Q4,507800000,0.0,0.0,0.0,0.0,0.0,0.0,26700000,655300000,655300000,-8600000.0,5600000.0,-85800000,-0.168964,-74100000,-0.145924,0.0,-82800000,-0.163056,-41500000,-41300000,-0.081331,-0.23466,-0.23466,176000000,176000000,https://www.sec.gov/Archives/edgar/data/20286/000095015201500561/0000950152-01-500561-index.html,https://www.sec.gov/Archives/edgar/data/20286/000095015201500561/l87259ae10-k.txt
0,2000-09-30,CINF,2000-11-13 00:00:00,2000-11-13 00:00:00,Q3,487000000,0.0,0.0,0.0,0.0,0.0,0.0,98500000,599500000,599500000,-9000000.0,4100000.0,-13600000,-0.027926,300000.0,0.000616,0.0,-8700000.0,-0.017864,-14300000,5600000.0,0.011499,0.03144,0.03144,178100000,178100000,https://www.sec.gov/Archives/edgar/data/20286/000095015200007812/0000950152-00-007812-index.html,https://www.sec.gov/Archives/edgar/data/20286/000095015200007812/l84935ae10-q.txt
0,2000-06-30,CINF,2000-08-11 00:00:00,2000-08-11 00:00:00,Q2,473000000,0.0,0.0,0.0,0.0,0.0,0.0,61200000,472200000,472200000,-10000000,3300000.000000001,89900000,0.190063,106600000,0.22537,0.0,96600000,0.204228,21900000,74700000,0.157928,0.40932,0.40932,182500000,182500000,https://www.sec.gov/Archives/edgar/data/20286/000095015200005936/0000950152-00-005936-index.html,https://www.sec.gov/Archives/edgar/data/20286/000095015200005936/e10-q.txt
0,2000-03-31,CINF,2000-05-08 00:00:00,2000-05-08 00:00:00,Q1,450500000,0.0,0.0,0.0,0.0,0.0,0.0,60800000,458600000,458600000,-9200000.0,5000000.0,99400000,0.220644,112700000,0.250166,0.0,103500000,0.229745,24200000,79400000,0.176249,0.43674,0.43674,181800000,181800000,https://www.sec.gov/Archives/edgar/data/20286/000095015200003724/0000950152-00-003724-index.html,https://www.sec.gov/Archives/edgar/data/20286/0000950152-00-003724.txt
0,1999-12-31,CINF,,,Q4,453900000,0.0,0.0,0.0,0.0,0.0,0.0,66200000,448100000,448100000,-9700000.0,5699999.999999999,50100000,0.110377,63800000,0.14056,0.0,54100000,0.119189,7200000.0,46900000,0.103327,0.25269,0.25269,185600000,185600000,,
0,1999-09-30,CINF,1999-11-10 00:00:00,1999-11-10 00:00:00,Q3,439500000,0.0,0.0,0.0,0.0,0.0,0.0,51900000,461300000,461300000,-8000000.0,3600000.0000000005,64600000,0.146985,77000000,0.175199,0.0,69000000,0.156997,12000000,57000000,0.129693,0.30911,0.30911,184400000,184400000,https://www.sec.gov/Archives/edgar/data/20286/000095015299008811/0000950152-99-008811-index.html,https://www.sec.gov/Archives/edgar/data/20286/0000950152-99-008811.txt
0,1999-06-30,CINF,1999-08-12 00:00:00,1999-08-12 00:00:00,Q2,432600000,0.0,0.0,0.0,0.0,0.0,0.0,51100000,417400000,417400000,-7600000.0,3400000.0000000005,112200000,0.259362,123900000,0.286408,0.0,116300000,0.26884,30100000,86300000,0.199491,0.46674,0.46674,184900000,184900000,https://www.sec.gov/Archives/edgar/data/20286/000095015299006703/0000950152-99-006703-index.html,https://www.sec.gov/Archives/edgar/data/20286/0000950152-99-006703.txt
0,1999-03-31,CINF,1999-05-13 00:00:00,1999-05-13 00:00:00,Q1,416100000,0.0,0.0,0.0,0.0,0.0,0.0,49500000,446800000,446800000,-7800000.0,3300000.0,77600000,0.186494,89800000,0.215814,0.0,82100000,0.197308,17600000,64500000,0.155011,0.34181,0.34181,188700000,188700000,https://www.sec.gov/Archives/edgar/data/20286/000095015299004320/0000950152-99-004320-index.html,https://www.sec.gov/Archives/edgar/data/20286/0000950152-99-004320.txt
0,1998-12-31,CINF,1999-03-26 00:00:00,1999-03-26 00:00:00,Q4,419500000,0.0,0.0,0.0,0.0,0.0,0.0,56300000,446100000,446100000,-8400000.0,3500000.0,48900000,0.116567,62300000,0.14851,0.0,53800000,0.128248,8200000.0,45600000,0.108701,0.24165,0.24165,188700000,188700000,https://www.sec.gov/Archives/edgar/data/20286/000095015299002420/0000950152-99-002420-index.html,https://www.sec.gov/Archives/edgar/data/20286/0000950152-99-002420.txt
0,1998-09-30,CINF,1998-11-05 00:00:00,1998-11-05 00:00:00,Q3,404500000,0.0,0.0,0.0,0.0,0.0,0.0,55200000,442600000,442600000,-8100000.0,3000000.000000001,58900000,0.145612,72100000,0.178245,0.0,64000000,0.15822,11100000,52900000,0.130779,0.27857,0.27857,189900000,189900000,https://www.sec.gov/Archives/edgar/data/20286/000095015298008537/0000950152-98-008537-index.html,https://www.sec.gov/Archives/edgar/data/20286/0000950152-98-008537.txt
0,1998-06-30,CINF,1998-08-13 00:00:00,1998-08-13 00:00:00,Q2,400400000,0.0,0.0,0.0,0.0,0.0,0.0,52700000,439500000,439500000,-6100000.0,2699999.9999999995,69600000,0.173826,79100000,0.197552,0.0,72900000,0.182068,14100000,58900000,0.147103,0.30984,0.30984,190100000,190100000,https://www.sec.gov/Archives/edgar/data/20286/000095015298006675/0000950152-98-006675-index.html,https://www.sec.gov/Archives/edgar/data/20286/0000950152-98-006675.txt
0,1998-03-31,CINF,1998-05-11 00:00:00,1998-05-11 00:00:00,Q1,396600000,0.0,0.0,0.0,0.0,0.0,0.0,50500000,390900000,390900000,-5300000.0,2600000.0,113700000,0.286687,121700000,0.306858,0.0,116300000,0.293243,32200000,84200000,0.212305,0.44269,0.44269,190200000,190200000,https://www.sec.gov/Archives/edgar/data/20286/000095015298004286/0000950152-98-004286-index.html,https://www.sec.gov/Archives/edgar/data/20286/0000950152-98-004286.txt
0,1997-12-31,CINF,1998-03-23 00:00:00,1998-03-23 00:00:00,Q4,388300000,0.0,0.0,0.0,0.0,0.0,0.0,51700000,382900000,382900000,-5500000.0,3700000.000000001,92200000,0.237445,99500000,0.256245,0.0,94000000,0.242081,21500000,72500000,0.186711,0.39168,0.39168,185100000,185100000,https://www.sec.gov/Archives/edgar/data/20286/000095015298002276/0000950152-98-002276-index.html,https://www.sec.gov/Archives/edgar/data/20286/0000950152-98-002276.txt
0,1997-09-30,CINF,1997-11-12 00:00:00,1997-11-12 00:00:00,Q3,383500000,0.0,0.0,0.0,0.0,0.0,0.0,50100000,384500000,384500000,-5500000.0,2800000.0,99300000,0.258931,107500000,0.280313,0.0,102000000,0.265971,25000000,77000000,0.200782,0.41089,0.41089,187400000,187400000,https://www.sec.gov/Archives/edgar/data/20286/000095015297007837/0000950152-97-007837-index.html,https://www.sec.gov/Archives/edgar/data/20286/0000950152-97-007837.txt
0,1997-06-30,CINF,1997-08-08 00:00:00,1997-08-08 00:00:00,Q2,377500000,0.0,0.0,0.0,0.0,0.0,0.0,48700000,379100000,379100000,-4700000.0,2300000.0,97900000,0.259338,105100000,0.278411,0.0,100300000,0.265695,24500000,75800000,0.200795,0.39895,0.39895,190000000,190000000,https://www.sec.gov/Archives/edgar/data/20286/000095015297005721/0000950152-97-005721-index.html,https://www.sec.gov/Archives/edgar/data/20286/0000950152-97-005721.txt
0,1997-03-31,CINF,1997-05-13 00:00:00,1997-05-13 00:00:00,Q1,375200000,0.0,0.0,0.0,0.0,0.0,0.0,46700000,380400000,380400000,-5000000.0,2500000.0,95700000,0.255064,103300000,0.27532,0.0,98300000,0.261994,24200000,74000000,0.197228,0.38845,0.38845,190500000,190500000,https://www.sec.gov/Archives/edgar/data/20286/000095015297003804/0000950152-97-003804-index.html,https://www.sec.gov/Archives/edgar/data/20286/0000950152-97-003804.txt
0,1996-12-31,CINF,1997-03-27 00:00:00,1997-03-27 00:00:00,Q4,367400000,0.0,0.0,0.0,0.0,0.0,0.0,46900000,372700000,372700000,-6200000.0,3999999.9999999995,78100000,0.212575,86500000,0.235438,0.0,80300000,0.218563,17300000,63000000,0.171475,0.33019,0.33019,190800000,190800000,https://www.sec.gov/Archives/edgar/data/20286/000095015297002224/0000950152-97-002224-index.html,https://www.sec.gov/Archives/edgar/data/20286/0000950152-97-002224.txt
0,1996-09-30,CINF,1996-11-08 00:00:00,1996-11-08 00:00:00,Q3,360700000,0.0,0.0,0.0,0.0,0.0,0.0,41100000,392300000,392300000,-4800000.0,1800000.0,55600000,0.154145,63400000,0.175769,0.0,58700000,0.162739,11700000,46900000,0.130025,0.24529,0.24529,191200000,191200000,https://www.sec.gov/Archives/edgar/data/20286/000095015296005793/0000950152-96-005793-index.html,https://www.sec.gov/Archives/edgar/data/20286/0000950152-96-005793.txt
0,1996-06-30,CINF,1996-08-09 00:00:00,1996-08-09 00:00:00,Q2,355400000,0.0,0.0,0.0,0.0,0.0,0.0,42500000,370500000,370500000,-4600000.0,1900000.0,64300000,0.180923,71600000,0.201463,0.0,67000000,0.18852,12600000,54400000,0.153067,0.28452,0.28452,191200000,191200000,https://www.sec.gov/Archives/edgar/data/20286/000095015296003914/0000950152-96-003914-index.html,https://www.sec.gov/Archives/edgar/data/20286/0000950152-96-003914.txt
0,1996-03-31,CINF,1996-05-13 00:00:00,1996-05-13 00:00:00,Q1,350000000,0.0,0.0,0.0,0.0,0.0,0.0,37300000,370800000,370800000,-4600000.0,-600000.0,71200000,0.203429,81000000,0.231429,0.0,76400000,0.218286,17000000,59400000,0.169714,0.31067,0.31067,191200000,191200000,https://www.sec.gov/Archives/edgar/data/20286/000095015296002352/0000950152-96-002352-index.html,https://www.sec.gov/Archives/edgar/data/20286/0000950152-96-002352.txt
0,1995-12-31,CINF,1996-03-22 00:00:00,1996-03-22 00:00:00,Q4,343300000,0.0,0.0,0.0,0.0,0.0,0.0,38000000,350100000,350100000,-4400000.0,2899999.9999999995,63300000,0.184387,69200000,0.201573,0.0,64800000,0.188756,14400000,50400000,0.14681,0.26223,0.26223,192200000,192200000,https://www.sec.gov/Archives/edgar/data/20286/000095015296001100/0000950152-96-001100-index.html,https://www.sec.gov/Archives/edgar/data/20286/0000950152-96-001100.txt
0,1995-09-30,CINF,1995-11-14 00:00:00,1995-11-14 00:00:00,Q3,332900000,0.0,0.0,0.0,0.0,0.0,0.0,36700000,334800000,334800000,-4800000.0,2200000.0,74400000,0.223491,81800000,0.245719,0.0,77000000,0.231301,18400000,58600000,0.176029,0.30713,0.30713,190800000,190800000,https://www.sec.gov/Archives/edgar/data/20286/000095015295002676/0000950152-95-002676-index.html,https://www.sec.gov/Archives/edgar/data/20286/0000950152-95-002676.txt
0,1995-06-30,CINF,1995-08-11 00:00:00,1995-08-11 00:00:00,Q2,326800000,0.0,0.0,0.0,0.0,0.0,0.0,33900000,331100000,331100000,-4300000.0,2100000.0,67400000,0.206242,74000000,0.226438,0.0,69600000,0.212974,14500000,55100000,0.168605,0.28878,0.28878,190800000,190800000,https://www.sec.gov/Archives/edgar/data/20286/000095015295001736/0000950152-95-001736-index.html,https://www.sec.gov/Archives/edgar/data/20286/0000950152-95-001736.txt
0,1995-03-31,CINF,1995-05-11 00:00:00,1995-05-11 00:00:00,Q1,321900000,0.0,0.0,0.0,0.0,0.0,0.0,35600000,327200000,327200000,-3700000.0,2400000.0,82500000,0.256291,87500000,0.271824,0.0,83800000,0.260329,20600000,63200000,0.196334,0.33158,0.33158,190600000,190600000,https://www.sec.gov/Archives/edgar/data/20286/000095015295000943/0000950152-95-000943-index.html,https://www.sec.gov/Archives/edgar/data/20286/0000950152-95-000943.txt
0,1994-12-31,CINF,1995-03-30 00:00:00,1995-03-30 00:00:00,Q4,317100000,0.0,0.0,0.0,0.0,0.0,0.0,31200000,312800000,312800000,-2900000.0,3100000.0000000005,56800000,0.179123,59500000,0.187638,0.0,56600000,0.178493,10500000,46100000,0.14538,0.24212,0.24212,190400000,190400000,https://www.sec.gov/Archives/edgar/data/20286/000095015295000507/0000950152-95-000507-index.html,https://www.sec.gov/Archives/edgar/data/20286/0000950152-95-000507.txt
0,1994-09-30,CINF,1994-11-15 00:00:00,1994-11-15 00:00:00,Q3,309200000,0.0,0.0,0.0,0.0,0.0,0.0,32400000,322000000,322000000,-2800000.0,2500000.0,56500000,0.18273,59700000,0.193079,0.0,56900000,0.184023,9300000.0,47500000,0.153622,0.24934,0.24934,190500000,190500000,https://www.sec.gov/Archives/edgar/data/20286/000095015294001166/0000950152-94-001166-index.html,https://www.sec.gov/Archives/edgar/data/20286/0000950152-94-001166.txt
0,1994-06-30,CINF,1994-08-12 00:00:00,1994-08-12 00:00:00,Q2,307000000,0.0,0.0,0.0,0.0,0.0,0.0,33700000,300500000,300500000,-2300000.0,2099999.9999999995,75800000,0.246906,78300000,0.255049,0.0,76000000,0.247557,16900000,59100000,0.192508,0.31024,0.31024,190500000,190500000,https://www.sec.gov/Archives/edgar/data/20286/000095015294000816/0000950152-94-000816-index.html,https://www.sec.gov/Archives/edgar/data/20286/0000950152-94-000816.txt
0,1994-03-31,CINF,1994-05-12 00:00:00,1994-05-12 00:00:00,Q1,297000000,0.0,0.0,0.0,0.0,0.0,0.0,29900000,317900000,317900000,-1900000.0,2200000.0,60200000,0.202694,61800000,0.208081,0.0,59900000,0.201684,11400000,48500000,0.1633,0.25473,0.25473,190400000,190400000,https://www.sec.gov/Archives/edgar/data/20286/000095015294000505/0000950152-94-000505-index.html,https://www.sec.gov/Archives/edgar/data/20286/0000950152-94-000505.txt
