,date,symbol,fillingDate,acceptedDate,period,revenue,costOfRevenue,grossProfit,grossProfitRatio,researchAndDevelopmentExpenses,generalAndAdministrativeExpenses,sellingAndMarketingExpenses,otherExpenses,operatingExpenses,costAndExpenses,interestExpense,depreciationAndAmortization,ebitda,ebitdaratio,operatingIncome,operatingIncomeRatio,totalOtherIncomeExpensesNet,incomeBeforeTax,incomeBeforeTaxRatio,incomeTaxExpense,netIncome,netIncomeRatio,eps,epsdiluted,weightedAverageShsOut,weightedAverageShsOutDil,link,finalLink
0,2020-05-31,MNP,,,Q1,4400690.0,1002430.0,3398260.0,0.772211,0.0,106820.0,0.0,495520.0,602330.0,1604760.0,-7972980.0,0.0,-13150030,-2.988175,2795930.0,0.635339,0.0,-5177050.0,-1.176418,0.0,-5177050.0,-1.176418,-0.53267,-0.53267,9719060.0,9719060.0,,
0,2019-11-30,MNP,,,Q4,4548960.0,1019490.0,3529470.0,0.775885,0.0,90980.0,0.0,534430.0,625410.0,1644900.0,1435610.0,0.0,5775280.0,1.269582,2904060.0,0.638401,0.0,4339670.0,0.953992,0.0,4339670.0,0.953992,0.44651,0.44651,9719060.0,9719060.0,,
0,2019-05-31,MNP,,,Q3,0.0,0.0,0.0,0.0,0.0,0.0,0.0,0.0,0.0,0.0,0.0,0.0,0.0,0.0,0.0,0.0,0.0,0.0,0.0,0.0,0.0,0.0,0.0,0.0,0.0,0.0,,
0,2018-11-30,MNP,,,Q2,4937760.0,956730.0,3981030.0,0.806242,0.0,93100.0,0.0,562580.0,655690.0,1612420.0,-4069410.0,0.0,-4813470.0,-0.974829,3325340.0,0.673451,0.0,-744060.0,-0.150688,0.0,-744060.0,-0.150688,-0.07656,-0.07656,9719060.0,9719060.0,,
0,2018-05-31,MNP,,,Q1,0.0,0.0,0.0,0.0,0.0,0.0,0.0,0.0,0.0,0.0,0.0,0.0,0.0,0.0,0.0,0.0,0.0,0.0,0.0,0.0,0.0,0.0,0.0,0.0,0.0,0.0,,
0,2017-11-30,MNP,,,Q4,4859660.0,1008770.0,3850890.0,0.79242,0.0,127860.0,0.0,398530.0,526380.0000000001,1535150.0,-618170.0,0.0,2088170.0,0.429695,3324510.0,0.684103,0.0,2706340.0,0.556899,0.0,2706340.0,0.556899,0.27846,0.27846,9719060.0,9719060.0,,
0,2017-05-31,MNP,,,Q3,4950000.0,1000000.0,3950000.0,0.79798,0.0,110000.0,0.0,320000.0,429999.99999999994,1430000.0,6300000.0,0.0,16110000,3.254545,3510000.0,0.709091,320000.0,9810000.0,1.981818,0.0,9810000.0,1.981818,1.00926,1.00926,9720000.0,9720000.0,,
0,2016-11-30,MNP,,,Q2,5020000.0,1040000.0,3990000.0,0.794821,0.0,100000.0,0.0,260000.0,349999.9999999999,1389999.9999999998,-11890000,0.0,-20150000,-4.013944,3630000.0,0.723108,260000.0,-8260000.0,-1.645418,0.0,-8260000.0,-1.645418,-0.84979,-0.84979,9720000.0,9720000.0,,
0,2016-05-31,MNP,,,Q1,5080000.0,1040000.0,4040000.0,0.795276,0.0,130000.0,0.0,120000.0,260000.0,1300000.0,4370000.0,0.0,12520000,2.464567,3790000.0,0.746063,120000.0,8150000.0,1.604331,0.0,8150000.0,1.604331,0.83848,0.83848,9720000.0,9720000.0,,
