,date,symbol,fillingDate,acceptedDate,period,revenue,costOfRevenue,grossProfit,grossProfitRatio,researchAndDevelopmentExpenses,generalAndAdministrativeExpenses,sellingAndMarketingExpenses,otherExpenses,operatingExpenses,costAndExpenses,interestExpense,depreciationAndAmortization,ebitda,ebitdaratio,operatingIncome,operatingIncomeRatio,totalOtherIncomeExpensesNet,incomeBeforeTax,incomeBeforeTaxRatio,incomeTaxExpense,netIncome,netIncomeRatio,eps,epsdiluted,weightedAverageShsOut,weightedAverageShsOutDil,link,finalLink
0,2020-09-30,NWFL,2020-11-06,2020-11-05 19:17:14,Q3,17402000,0.0,0.0,0.0,0.0,5702000.0,0.0,0.0,0.0,0.0,1979000.0,0.0,0.0,0.0,0.0,0.3546718767957706,0.0,6172000.0,0.3546718767957706,1173000.0,4999000.0,0.2872658315136191,0.62,0.62,8037000.0,8059000.0,https://www.sec.gov/Archives/edgar/data/1013272/000156276220000398/0001562762-20-000398-index.htm,https://www.sec.gov/Archives/edgar/data/1013272/000156276220000398/nwfl-20200930x10q.htm
0,2020-06-30,NWFL,2020-08-07,2020-08-07 09:15:46,Q2,11259000,0.0,0.0,0.0,0.0,3797000.0,0.0,0.0,0.0,0.0,1982000.0,0.0,0.0,0.0,0.0,0.16582289723776533,0.0,1867000.0,0.16582289723776533,379000.0,1488000.0,0.1321609379163336,0.24,0.24,6293000.0,6317000.0,https://www.sec.gov/Archives/edgar/data/1013272/000156276220000313/0001562762-20-000313-index.htm,https://www.sec.gov/Archives/edgar/data/1013272/000156276220000313/nwfl-20200630x10q.htm
0,2020-03-31,NWFL,2020-05-08,2020-05-08 08:35:29,Q1,11319000,0.0,0.0,0.0,0.0,4214000.0,0.0,0.0,0.0,0.0,2203000.0,0.0,0.0,0.0,0.0,0.3145154165562329,0.0,3560000.0,0.3145154165562329,481000.0,3079000.0,0.2720204965102924,0.49,0.49,6294000.0,6323000.0,https://www.sec.gov/Archives/edgar/data/1013272/000119312520137023/0001193125-20-137023-index.htm,https://www.sec.gov/Archives/edgar/data/1013272/000119312520137023/d927014d10q.htm
0,2019-12-31,NWFL,2020-03-13 00:00:00,2020-03-13 08:17:25,Q4,11528000,0.0,0.0,0.0,0.0,5313000.0,0.0,0.0,0.0,0.0,2152000.0,0.0,0.0,0.0,0.0,0.36788688410825815,0.0,4241000.0,0.36788688410825815,645000.0,3596000.0,0.31193615544760583,0.57,0.57,6308772.0,6308772.0,https://www.sec.gov/Archives/edgar/data/1013272/000119312520072309/0001193125-20-072309-index.html,https://www.sec.gov/Archives/edgar/data/1013272/000119312520072309/d835383d10k.htm
0,2019-09-30,NWFL,2019-11-08,2019-11-08 06:11:21,Q3,11773000,0.0,0.0,0.0,0.0,4142000.0,0.0,0.0,0.0,0.0,2168000.0,0.0,0.0,0.0,0.0,0.39768962881168773,0.0,4682000.0,0.39768962881168773,775000.0,3907000.0,0.3318610379682324,0.62,0.62,6301613.0,6301613.0,https://www.sec.gov/Archives/edgar/data/1013272/000119312519287769/0001193125-19-287769-index.htm,https://www.sec.gov/Archives/edgar/data/1013272/000119312519287769/d826138d10q.htm
0,2019-06-30,NWFL,2019-08-08,2019-08-08 09:46:48,Q2,11253000,0.0,0.0,0.0,0.0,4155000.0,0.0,0.0,0.0,0.0,2202000.0,0.0,0.0,0.0,0.0,0.3703901181907047,0.0,4168000.0,0.3703901181907047,646000.0,3522000.0,0.3129832044788057,0.56,0.56,6289286.0,6289286.0,https://www.sec.gov/Archives/edgar/data/1013272/000119312519216241/0001193125-19-216241-index.htm,https://www.sec.gov/Archives/edgar/data/1013272/000119312519216241/d789564d10q.htm
0,2019-03-31,NWFL,2019-05-09,2019-05-09 09:16:20,Q1,10831000,0.0,0.0,0.0,0.0,4168000.0,0.0,0.0,0.0,0.0,2155000.0,0.0,0.0,0.0,0.0,0.34465884959837506,0.0,3733000.0,0.34465884959837506,543000.0,3190000.0,0.294524974609916,0.51,0.51,6254902.0,6254902.0,https://www.sec.gov/Archives/edgar/data/1013272/000119312519142382/0001193125-19-142382-index.htm,https://www.sec.gov/Archives/edgar/data/1013272/000094627519000014/f10k_123118-0160.htm
0,2018-12-31,NWFL,2019-03-14,2019-03-14 08:31:30,Q4,11028000,0.0,0.0,0.0,0.0,5019000.0,0.0,0.0,0.0,0.0,1816000.0,0.0,0.0,0.0,0.0,0.3492020311933261,0.0,3851000.0,0.3492020311933261,552000.0,3299000.0,0.2991476242292347,0.53,0.53,6224528.0,6224528.0,https://www.sec.gov/Archives/edgar/data/1013272/000094627519000014/0000946275-19-000014-index.htm,https://www.sec.gov/Archives/edgar/data/1013272/000094627519000014/f10k_123118-0160.htm
0,2018-09-30,NWFL,2018-11-08,2018-11-08 09:32:14,Q3,11385000,0.0,0.0,0.0,0.0,4032000.0,0.0,0.0,0.0,0.0,1398000.0,0.0,0.0,0.0,0.0,0.38981115502854635,0.0,4438000.0,0.38981115502854635,728000.0,3710000.0,0.3258673693456302,0.59,0.58,6288136.0,6396552.0,https://www.sec.gov/Archives/edgar/data/1013272/000094627518000070/0000946275-18-000070-index.htm,https://www.sec.gov/Archives/edgar/data/1013272/000094627518000070/f10q_093018-0160.htm
0,2018-06-30,NWFL,2018-08-08,2018-08-08 09:53:26,Q2,10989000,0.0,0.0,0.0,0.0,3832000.0,0.0,0.0,0.0,0.0,1221000.0,0.0,0.0,0.0,0.0,0.3832013832013832,0.0,4211000.0,0.3832013832013832,698000.0,3513000.0,0.3196833196833197,0.57,0.56,6163158.0,6273214.0,https://www.sec.gov/Archives/edgar/data/1013272/000114036118035920/0001140361-18-035920-index.htm,https://www.sec.gov/Archives/edgar/data/1013272/000114036118035920/form10q.htm
0,2018-03-31,NWFL,2018-05-10,2018-05-10 10:12:39,Q1,10501000,0.0,0.0,0.0,0.0,3873000.0,0.0,0.0,0.0,0.0,1222000.0,0.0,0.0,0.0,0.0,0.35263308256356535,0.0,3703000.0,0.35263308256356535,574000.0,3129000.0,0.2979716217503095,0.5,0.5,6258000.0,6258000.0,https://www.sec.gov/Archives/edgar/data/1013272/000094627518000046/0000946275-18-000046-index.htm,https://www.sec.gov/Archives/edgar/data/1013272/000094627518000013/f10k_123117-0160.htm
0,2017-12-31,NWFL,2018-03-15,2018-03-15 09:41:20,Q4,10638000,0.0,0.0,0.0,0.0,4568000.0,0.0,0.0,0.0,0.0,1190000.0,0.0,0.0,0.0,0.0,0.409099454784734,0.0,4352000.0,0.409099454784734,4195000.0,157000.0,0.014758413235570596,0.03,0.03,5233333.0,5233333.0,https://www.sec.gov/Archives/edgar/data/1013272/000094627518000013/0000946275-18-000013-index.htm,https://www.sec.gov/Archives/edgar/data/1013272/000094627518000013/f10k_123117-0160.htm
0,2017-09-30,NWFL,2017-11-09,2017-11-09 10:19:48,Q3,10728000,0.0,0.0,0.0,0.0,3660000.0,0.0,0.0,0.0,0.0,1026000.0,0.0,0.0,0.0,0.0,0.36250932140193887,0.0,3889000.0,0.36250932140193887,948000.0,2941000.0,0.27414243102162567,0.47,0.47,6257447.0,6257447.0,https://www.sec.gov/Archives/edgar/data/1013272/000094627517000088/0000946275-17-000088-index.htm,https://www.sec.gov/Archives/edgar/data/1013272/000094627517000088/f10q_093017-0160.htm
0,2017-06-30,NWFL,2017-08-07,2017-08-07 10:20:25,Q2,10312000,0.0,0.0,0.0,0.0,3627000.0,0.0,0.0,0.0,0.0,926000.0,0.0,0.0,0.0,0.0,0.3473622963537626,0.0,3582000.0,0.3473622963537626,858000.0,2724000.0,0.26415826221877425,0.44,0.433333,6190909.0,6286154.0,https://www.sec.gov/Archives/edgar/data/1013272/000094627517000065/0000946275-17-000065-index.htm,https://www.sec.gov/Archives/edgar/data/1013272/000094627517000065/f10q_063017-0160.htm
0,2017-03-31,NWFL,2017-05-09,2017-05-09 10:24:23,Q1,10140000,0.0,0.0,0.0,0.0,3658000.0,0.0,0.0,0.0,0.0,937000.0,0.0,0.0,0.0,0.0,0.28856015779092703,0.0,2926000.0,0.28856015779092703,550000.0,2376000.0,0.23431952662721894,0.38,0.38,6252632.0,6252632.0,https://www.sec.gov/Archives/edgar/data/1013272/000094627517000039/0000946275-17-000039-index.htm,https://www.sec.gov/Archives/edgar/data/1013272/000094627517000012/f10k_123116-0160.htm
0,2016-12-31,NWFL,2017-03-15,2017-03-15 11:12:50,Q4,9941000.0,0.0,0.0,0.0,0.0,4555000.0,0.0,0.0,0.0,0.0,1005000.0,0.0,0.0,0.0,0.0,0.2940348053515743,0.0,2923000.0,0.2940348053515743,577000.0,2346000.0,0.23599235489387385,0.38,0.373333,6173684.0,6283929.0,https://www.sec.gov/Archives/edgar/data/1013272/000094627517000012/0000946275-17-000012-index.htm,https://www.sec.gov/Archives/edgar/data/1013272/000094627517000012/f10k_123116-0160.htm
0,2016-09-30,NWFL,2016-11-09,2016-11-09 11:03:41,Q3,8969000.0,0.0,0.0,0.0,0.0,3663000.0,0.0,0.0,0.0,0.0,958000.0,0.0,0.0,0.0,0.0,0.09365592596722043,0.0,840000.0,0.09365592596722043,228000.0,612000.0,0.06823503177611774,0.1,0.1,6120000.0,6120000.0,https://www.sec.gov/Archives/edgar/data/1013272/000094627516000341/0000946275-16-000341-index.htm,https://www.sec.gov/Archives/edgar/data/1013272/000094627516000341/f10q_093016-0160.htm
0,2016-06-30,NWFL,2016-08-09,2016-08-09 13:20:11,Q2,7617000.0,0.0,0.0,0.0,0.0,2620000.0,0.0,0.0,0.0,0.0,840000.0,0.0,0.0,0.0,0.0,0.31364054089536564,0.0,2389000.0,0.31364054089536564,511000.0,1878000.0,0.24655376132335566,0.34,0.34,5523529.0,5523529.0,https://www.sec.gov/Archives/edgar/data/1013272/000094627516000313/0000946275-16-000313-index.htm,https://www.sec.gov/Archives/edgar/data/1013272/000094627516000313/f10q_063016-0160.htm
0,2016-03-31,NWFL,2016-05-10,2016-05-10 10:39:42,Q1,7242000.0,0.0,0.0,0.0,0.0,2689000.0,0.0,0.0,0.0,0.0,851000.0,0.0,0.0,0.0,0.0,0.33733775200220933,0.0,2443000.0,0.33733775200220933,567000.0,1876000.0,0.25904446285556476,0.34,0.34,5517647.0,5517647.0,https://www.sec.gov/Archives/edgar/data/1013272/000094627516000278/0000946275-16-000278-index.htm,https://www.sec.gov/Archives/edgar/data/1013272/000094627516000239/f10k_123115-0160.htm
0,2015-12-31,NWFL,2016-03-15,2016-03-15 12:52:13,Q4,7328000.0,0.0,0.0,0.0,0.0,3222000.0,0.0,0.0,0.0,0.0,825000.0,0.0,0.0,0.0,0.0,-0.02278930131004367,0.0,-167000.0,-0.02278930131004367,-294000.0,127000.0,0.017330786026200872,0.026667,0.026667,4800000.0,4800000.0,https://www.sec.gov/Archives/edgar/data/1013272/000094627516000239/0000946275-16-000239-index.htm,https://www.sec.gov/Archives/edgar/data/1013272/000094627516000239/f10k_123115-0160.htm
0,2015-09-30,NWFL,2015-11-06,2015-11-06 09:10:19,Q3,7124000.0,0.0,0.0,0.0,0.0,2541000.0,0.0,0.0,0.0,0.0,819000.0,0.0,0.0,0.0,0.0,0.32762492981471086,0.0,2334000.0,0.32762492981471086,557000.0,1777000.0,0.24943851768669287,0.32,0.32,5553125.0,5553125.0,https://www.sec.gov/Archives/edgar/data/1013272/000094627515000183/0000946275-15-000183-index.htm,https://www.sec.gov/Archives/edgar/data/1013272/000094627515000183/f10q_093015-0160.htm
0,2015-06-30,NWFL,2015-08-07,2015-08-07 10:08:09,Q2,7182000.0,0.0,0.0,0.0,0.0,2337000.0,0.0,0.0,0.0,0.0,833000.0,0.0,0.0,0.0,0.0,0.3611807296017822,0.0,2594000.0,0.3611807296017822,631000.0,1963000.0,0.27332219437482597,0.353333,0.353333,5555660.0,5555660.0,https://www.sec.gov/Archives/edgar/data/1013272/000094627515000157/0000946275-15-000157-index.htm,https://www.sec.gov/Archives/edgar/data/1013272/000094627515000157/f10q_063015-0160.htm
0,2015-03-31,NWFL,2015-05-08,2015-05-08 11:01:29,Q1,7586000.0,0.0,0.0,0.0,0.0,2466000.0,0.0,0.0,0.0,0.0,781000.0,0.0,0.0,0.0,0.0,0.36633271816504087,0.0,2779000.0,0.36633271816504087,738000.0,2041000.0,0.2690482467703665,0.366667,0.366667,5566364.0,5566364.0,https://www.sec.gov/Archives/edgar/data/1013272/000094627515000062/0000946275-15-000062-index.htm,https://www.sec.gov/Archives/edgar/data/1013272/000094627515000029/f10k_123114-0160.htm
0,2014-12-31,NWFL,2015-03-13,2015-03-13 13:26:20,Q4,7433000.0,0.0,0.0,0.0,0.0,3239000.0,0.0,0.0,0.0,0.0,793000.0,0.0,0.0,0.0,0.0,0.27108838961388404,0.0,2015000.0,0.27108838961388404,474000.0,1541000.0,0.20731871384367012,0.28,0.28,5503571.0,5503571.0,https://www.sec.gov/Archives/edgar/data/1013272/000094627515000029/0000946275-15-000029-index.htm,https://www.sec.gov/Archives/edgar/data/1013272/000094627515000029/f10k_123114-0160.htm
0,2014-09-30,NWFL,2014-11-07,2014-11-07 11:08:31,Q3,7416000.0,0.0,0.0,0.0,0.0,2372000.0,0.0,0.0,0.0,0.0,787000.0,0.0,0.0,0.0,0.0,0.38727076591154264,0.0,2872000.0,0.38727076591154264,754000.0,2118000.0,0.28559870550161814,0.386667,0.386667,5477586.0,5477586.0,https://www.sec.gov/Archives/edgar/data/1013272/000094627514000248/0000946275-14-000248-index.htm,https://www.sec.gov/Archives/edgar/data/1013272/000094627514000248/f10q_093014-0160.htm
0,2014-06-30,NWFL,2014-08-08,2014-08-08 08:56:53,Q2,7623000.0,0.0,0.0,0.0,0.0,2503000.0,0.0,0.0,0.0,0.0,805000.0,0.0,0.0,0.0,0.0,0.3581267217630854,0.0,2730000.0,0.3581267217630854,696000.0,2034000.0,0.2668240850059032,0.373333,0.373333,5448214.0,5448214.0,https://www.sec.gov/Archives/edgar/data/1013272/000094627514000198/0000946275-14-000198-index.htm,https://www.sec.gov/Archives/edgar/data/1013272/000094627514000198/f10q_063014-0160.htm
0,2014-03-31,NWFL,2014-05-09,2014-05-09 10:38:41,Q1,7198000.0,0.0,0.0,0.0,0.0,2491000.0,0.0,0.0,0.0,0.0,823000.0,0.0,0.0,0.0,0.0,0.3676021116976938,0.0,2646000.0,0.3676021116976938,682000.0,1964000.0,0.27285357043623226,0.36,0.36,5455556.0,5455556.0,https://www.sec.gov/Archives/edgar/data/1013272/000094627514000108/0000946275-14-000108-index.htm,https://www.sec.gov/Archives/edgar/data/1013272/000094627514000058/f10k_123113-0160.htm
0,2013-12-31,NWFL,2014-03-13,2014-03-13 11:37:31,Q4,7455000.0,0.0,0.0,0.0,0.0,2979000.0,0.0,0.0,0.0,0.0,855000.0,0.0,0.0,0.0,0.0,0.39664654594232057,0.0,2957000.0,0.39664654594232057,776000.0,2181000.0,0.2925553319919517,0.4,0.4,5452500.0,5452500.0,https://www.sec.gov/Archives/edgar/data/1013272/000094627514000058/0000946275-14-000058-index.htm,https://www.sec.gov/Archives/edgar/data/1013272/000094627514000058/f10k_123113-0160.htm
0,2013-09-30,NWFL,2013-11-07,2013-11-07 10:27:51,Q3,7486000.0,0.0,0.0,0.0,0.0,2438000.0,0.0,0.0,0.0,0.0,876000.0,0.0,0.0,0.0,0.0,0.3891263692225488,0.0,2913000.0,0.3891263692225488,777000.0,2136000.0,0.28533262089233236,0.393333,0.393333,5430508.0,5430508.0,https://www.sec.gov/Archives/edgar/data/1013272/000094627513000338/0000946275-13-000338-index.htm,https://www.sec.gov/Archives/edgar/data/1013272/000094627513000338/f10q_093013-0160.htm
0,2013-06-30,NWFL,2013-08-08,2013-08-08 15:43:54,Q2,7356000.0,0.0,0.0,0.0,0.0,2464000.0,0.0,0.0,0.0,0.0,912000.0,0.0,0.0,0.0,0.0,0.32939097335508427,0.0,2423000.0,0.32939097335508427,584000.0,1839000.0,0.25,0.34,0.34,5408824.0,5408824.0,https://www.sec.gov/Archives/edgar/data/1013272/000094627513000271/0000946275-13-000271-index.htm,https://www.sec.gov/Archives/edgar/data/1013272/000094627513000271/f10q_063013-0079.htm
0,2013-03-31,NWFL,2013-05-10,2013-05-10 10:11:01,Q1,7978000.0,0.0,0.0,0.0,0.0,2543000.0,0.0,0.0,0.0,0.0,956000.0,0.0,0.0,0.0,0.0,0.36061669591376283,0.0,2877000.0,0.36061669591376283,569000.0,2308000.0,0.28929556279769364,0.387879,0.381818,5950312.0,6044762.0,https://www.sec.gov/Archives/edgar/data/1013272/000094627513000173/0000946275-13-000173-index.htm,https://www.sec.gov/Archives/edgar/data/1013272/000094627513000093/f10k_123112-0160.htm
0,2012-12-31,NWFL,2013-03-14,2013-03-14 11:22:15,Q4,7196000.0,0.0,0.0,0.0,0.0,2633000.0,0.0,0.0,0.0,0.0,1079000.0,0.0,0.0,0.0,0.0,0.330183435241801,0.0,2376000.0,0.330183435241801,617000.0,1759000.0,0.24444135630906058,0.321212,0.321212,5476132.0,5476132.0,https://www.sec.gov/Archives/edgar/data/1013272/000094627513000093/0000946275-13-000093-index.htm,https://www.sec.gov/Archives/edgar/data/1013272/000094627513000093/f10k_123112-0160.htm
0,2012-09-30,NWFL,2012-11-09,2012-11-09 09:38:59,Q3,7843000.0,0.0,0.0,0.0,0.0,2568000.0,0.0,0.0,0.0,0.0,1157000.0,0.0,0.0,0.0,0.0,0.380721662629096,0.0,2986000.0,0.380721662629096,786000.0,2200000.0,0.2805049088359046,0.406061,0.406061,5417910.0,5417910.0,https://www.sec.gov/Archives/edgar/data/1013272/000094627512000415/0000946275-12-000415-index.htm,https://www.sec.gov/Archives/edgar/data/1013272/000094627512000415/f10q_093012-0160.htm
0,2012-06-30,NWFL,2012-08-08,2012-08-08 12:08:00,Q2,7453000.0,0.0,0.0,0.0,0.0,2509000.0,0.0,0.0,0.0,0.0,1198000.0,0.0,0.0,0.0,0.0,0.4154031933449618,0.0,3096000.0,0.4154031933449618,838000.0,2258000.0,0.3029652488930632,0.418182,0.418182,5399565.0,5399565.0,https://www.sec.gov/Archives/edgar/data/1013272/000094627512000291/0000946275-12-000291-index.htm,https://www.sec.gov/Archives/edgar/data/1013272/000094627512000291/f10q_063012-0160.htm
0,2012-03-31,NWFL,2012-05-10,2012-05-10 10:27:57,Q1,7478000.0,0.0,0.0,0.0,0.0,2634000.0,0.0,0.0,0.0,0.0,1216000.0,0.0,0.0,0.0,0.0,0.39863599893019525,0.0,2981000.0,0.39863599893019525,795000.0,2186000.0,0.29232415084247126,0.406061,0.406061,5416950.0,5420250.0,https://www.sec.gov/Archives/edgar/data/1013272/000094627512000197/0000946275-12-000197-index.htm,https://www.sec.gov/Archives/edgar/data/1013272/000094627512000081/f10k_123111-0160.htm
0,2011-12-31,NWFL,2012-03-14,2012-03-14 11:35:46,Q4,7254000.0,0.0,0.0,0.0,0.0,3197000.0,0.0,0.0,0.0,0.0,1244000.0,0.0,0.0,0.0,0.0,0.38116901020126825,0.0,2765000.0,0.38116901020126825,768000.0,1997000.0,0.275296388199614,0.0,0.0,0.0,0.0,https://www.sec.gov/Archives/edgar/data/1013272/000094627512000081/0000946275-12-000081-index.htm,https://www.sec.gov/Archives/edgar/data/1013272/000094627512000081/f10k_123111-0160.htm
0,2011-09-30,NWFL,2011-11-08,2011-11-08 15:14:40,Q3,7769000.0,0.0,0.0,0.0,0.0,2464000.0,0.0,0.0,0.0,0.0,1392000.0,0.0,0.0,0.0,0.0,0.3848629167202986,0.0,2990000.0,0.3848629167202986,775000.0,2215000.0,0.28510747843995365,0.406061,0.406061,5454851.0,5454851.0,https://www.sec.gov/Archives/edgar/data/1013272/000094627511000453/0000946275-11-000453-index.htm,https://www.sec.gov/Archives/edgar/data/1013272/000094627511000453/f10q_093011-0160.htm
0,2011-06-30,NWFL,2011-08-09,2011-08-09 13:24:17,Q2,6311000.0,0.0,0.0,0.0,0.0,2114000.0,0.0,0.0,0.0,0.0,1301000.0,0.0,0.0,0.0,0.0,0.3081920456346062,0.0,1945000.0,0.3081920456346062,461000.0,1484000.0,0.23514498494691807,0.30303,0.30303,4897200.0,4897200.0,https://www.sec.gov/Archives/edgar/data/1013272/000094627511000331/0000946275-11-000331-index.htm,https://www.sec.gov/Archives/edgar/data/1013272/000094627511000331/f10q_63011-0160.htm
0,2011-03-31,NWFL,2011-05-09,2011-05-09 15:09:15,Q1,5989000.0,0.0,0.0,0.0,0.0,2036000.0,0.0,0.0,0.0,0.0,1245000.0,0.0,0.0,0.0,0.0,0.37318417098013024,0.0,2235000.0,0.37318417098013024,575000.0,1660000.0,0.2771748205042578,0.363636,0.363636,4565000.0,4565000.0,https://www.sec.gov/Archives/edgar/data/1013272/000094627511000209/0000946275-11-000209-index.htm,https://www.sec.gov/Archives/edgar/data/1013272/000094627511000093/f10k_123110-0160.htm
0,2010-12-31,NWFL,2011-03-10,2011-03-10 16:35:22,Q4,5927000.0,0.0,0.0,0.0,0.0,2647000.0,0.0,0.0,0.0,0.0,1357000.0,0.0,0.0,0.0,0.0,0.3968280749114223,0.0,2352000.0,0.3968280749114223,544000.0,1808000.0,0.30504471064619537,0.0,0.0,0.0,0.0,https://www.sec.gov/Archives/edgar/data/1013272/000094627511000093/0000946275-11-000093-index.htm,https://www.sec.gov/Archives/edgar/data/1013272/000094627511000093/f10k_123110-0160.htm
0,2010-09-30,NWFL,2010-11-05,2010-11-05 10:51:28,Q3,5954000.0,0.0,0.0,0.0,0.0,1973000.0,0.0,0.0,0.0,0.0,1476000.0,0.0,0.0,0.0,0.0,0.43533758817601614,0.0,2592000.0,0.43533758817601614,702000.0,1890000.0,0.3174336580450118,0.412121,0.412121,4586029.0,4586029.0,https://www.sec.gov/Archives/edgar/data/1013272/000094627510000492/0000946275-10-000492-index.htm,https://www.sec.gov/Archives/edgar/data/1013272/000094627510000492/f10q_093010-0160.htm
0,2010-06-30,NWFL,2010-08-06,2010-08-06 10:12:55,Q2,5848000.0,0.0,0.0,0.0,0.0,1906000.0,0.0,0.0,0.0,0.0,1545000.0,0.0,0.0,0.0,0.0,0.43125854993160057,0.0,2522000.0,0.43125854993160057,704000.0,1818000.0,0.31087551299589605,0.4,0.4,4550700.0,4557300.0,https://www.sec.gov/Archives/edgar/data/1013272/000094627510000405/0000946275-10-000405-index.htm,https://www.sec.gov/Archives/edgar/data/1013272/000094627510000405/f10q_063010-0160.htm
0,2010-03-31,NWFL,2010-05-10,2010-05-10 12:29:55,Q1,5999000.0,0.0,0.0,0.0,0.0,1945000.0,0.0,0.0,0.0,0.0,1645000.0,0.0,0.0,0.0,0.0,0.4182363727287881,0.0,2509000.0,0.4182363727287881,712000.0,1797000.0,0.29954992498749794,0.393939,0.393939,4561615.0,4561615.0,https://www.sec.gov/Archives/edgar/data/1013272/000094627510000288/0000946275-10-000288-index.htm,https://www.sec.gov/Archives/edgar/data/1013272/000094627510000205/f10k_123109-0160.htm
0,2009-12-31,NWFL,2010-03-15,2010-03-15 15:37:09,Q4,6752000.0,0.0,0.0,0.0,0.0,3406000.0,0.0,0.0,0.0,0.0,1895000.0,0.0,0.0,0.0,0.0,0.288803317535545,0.0,1950000.0,0.288803317535545,148000.0,1802000.0,0.2668838862559242,0.0,0.0,0.0,0.0,https://www.sec.gov/Archives/edgar/data/1013272/000094627510000205/0000946275-10-000205-index.htm,https://www.sec.gov/Archives/edgar/data/1013272/000094627510000205/f10k_123109-0160.htm
0,2009-09-30,NWFL,2009-11-09,2009-11-09 09:40:05,Q3,5784000.0,0.0,0.0,0.0,0.0,1938000.0,0.0,0.0,0.0,0.0,1914000.0,0.0,0.0,0.0,0.0,0.42704011065006914,0.0,2470000.0,0.42704011065006914,695000.0,1775000.0,0.306881051175657,0.387879,0.387879,4576172.0,4576172.0,https://www.sec.gov/Archives/edgar/data/1013272/000094627509000747/0000946275-09-000747-index.htm,https://www.sec.gov/Archives/edgar/data/1013272/000094627509000747/f10q_093009-0160.htm
0,2009-06-30,NWFL,2009-08-10,2009-08-10 13:34:19,Q2,6003000.0,0.0,0.0,0.0,0.0,2162000.0,0.0,0.0,0.0,0.0,1908000.0,0.0,0.0,0.0,0.0,0.4102948525737131,0.0,2463000.0,0.4102948525737131,714000.0,1749000.0,0.2913543228385807,0.387879,0.381818,4509141.0,4580714.0,https://www.sec.gov/Archives/edgar/data/1013272/000094627509000586/0000946275-09-000586-index.htm,https://www.sec.gov/Archives/edgar/data/1013272/000094627509000586/f10q_063009-0160.htm
0,2009-03-31,NWFL,2009-05-11,2009-05-11 15:17:45,Q1,5962000.0,0.0,0.0,0.0,0.0,1948000.0,0.0,0.0,0.0,0.0,2009000.0,0.0,0.0,0.0,0.0,0.4129486749412949,0.0,2462000.0,0.4129486749412949,725000.0,1737000.0,0.2913451861791345,0.381818,0.381818,4516050.0,4545750.0,https://www.sec.gov/Archives/edgar/data/1013272/000094627509000424/0000946275-09-000424-index.htm,https://www.sec.gov/Archives/edgar/data/1013272/000094627509000424/f10q_033109-0160.htm
0,2008-12-31,NWFL,2009-03-13 00:00:00,2009-03-13 11:13:48,Q4,5617000.0,0.0,0.0,0.0,0.0,1738000.0,0.0,0.0,0.0,0.0,2207000.0,0.0,0.0,0.0,0.0,0.4007477301050383,0.0,2251000.0,0.4007477301050383,666000.0,1585000.0,0.2821790991632544,0.0,0.0,0.0,0.0,https://www.sec.gov/Archives/edgar/data/1013272/000094627509000290/0000946275-09-000290-index.html,https://www.sec.gov/Archives/edgar/data/1013272/000094627509000290/f10k_123108-0160.htm
0,2008-09-30,NWFL,2008-11-07,2008-11-07 15:18:40,Q3,5749000.0,0.0,0.0,0.0,0.0,1477000.0,0.0,0.0,0.0,0.0,2283000.0,0.0,0.0,0.0,0.0,0.3927639589493825,0.0,2258000.0,0.3927639589493825,666000.0,1592000.0,0.2769177248217081,0.351515,0.351515,4514400.0,4560600.0,https://www.sec.gov/Archives/edgar/data/1013272/000094627508000694/0000946275-08-000694-index.htm,https://www.sec.gov/Archives/edgar/data/1013272/000094627508000694/f10q_093008-0160.htm
0,2008-06-30,NWFL,2008-08-11,2008-08-11 11:23:35,Q2,5536000.0,0.0,0.0,0.0,0.0,1498000.0,0.0,0.0,0.0,0.0,2379000.0,0.0,0.0,0.0,0.0,0.44328034682080925,0.0,2454000.0,0.44328034682080925,733000.0,1721000.0,0.3108742774566474,0.381818,0.375758,4514400.0,4572150.0,https://www.sec.gov/Archives/edgar/data/1013272/000094627508000585/0000946275-08-000585-index.htm,https://www.sec.gov/Archives/edgar/data/1013272/000094627508000585/f10q2_063008-0160.htm
0,2008-03-31,NWFL,2008-05-12,2008-05-12 14:26:20,Q1,5586000.0,0.0,0.0,0.0,0.0,1546000.0,0.0,0.0,0.0,0.0,2825000.0,0.0,0.0,0.0,0.0,0.4564983888292159,0.0,2550000.0,0.4564983888292159,771000.0,1779000.0,0.3184747583243824,0.393939,0.387879,4515923.0,4586484.0,https://www.sec.gov/Archives/edgar/data/1013272/000094627508000365/0000946275-08-000365-index.htm,https://www.sec.gov/Archives/edgar/data/1013272/000094627508000365/f10q_033108-0160.htm
0,2007-12-31,NWFL,,Not found...,Q4,5263000.0,0.0,0.0,0.0,0.0,1693000.0,0.0,0.0,0.0,0.0,3070000.0,0.0,0.0,0.0,0.0,0.4364430932927988,0.0,2297000.0,0.4364430932927988,625000.0,1672000.0,0.3176895306859206,0.0,0.0,0.0,0.0,,
0,2007-09-30,NWFL,2007-11-13,2007-11-13 16:28:43,Q3,5405000.0,0.0,0.0,0.0,0.0,1432000.0,0.0,0.0,0.0,0.0,2965000.0,0.0,0.0,0.0,0.0,0.46771507863089734,0.0,2528000.0,0.46771507863089734,722000.0,1806000.0,0.3341350601295097,0.393939,0.387879,4584462.0,4656094.0,https://www.sec.gov/Archives/edgar/data/1013272/000094627507000832/0000946275-07-000832-index.htm,https://www.sec.gov/Archives/edgar/data/1013272/000094627507000832/f10q_093007-0160.htm
0,2007-06-30,NWFL,2007-08-14 00:00:00,2007-08-14 15:04:44,Q2,5143000.0,0.0,0.0,0.0,0.0,1438000.0,0.0,0.0,0.0,0.0,2960000.0,0.0,0.0,0.0,0.0,0.43573789616955083,0.0,2241000.0,0.43573789616955083,671000.0,1570000.0,0.3052692980750535,0.339394,0.333333,4625893.0,4710000.0,https://www.sec.gov/Archives/edgar/data/1013272/000094627507000590/0000946275-07-000590-index.html,https://www.sec.gov/Archives/edgar/data/1013272/000094627507000590/f10q_063007-0160.htm
0,2007-03-31,NWFL,2007-05-11 00:00:00,2007-05-11 15:40:17,Q1,4985000.0,0.0,0.0,0.0,0.0,1497000.0,0.0,0.0,0.0,0.0,2988000.0,0.0,0.0,0.0,0.0,0.4160481444332999,0.0,2074000.0,0.4160481444332999,611000.0,1463000.0,0.29348044132397194,0.315152,0.309091,4642212.0,4733235.0,https://www.sec.gov/Archives/edgar/data/1013272/000094627507000423/0000946275-07-000423-index.html,https://www.sec.gov/Archives/edgar/data/1013272/000094627507000423/f10q_033107-0160.txt
0,2006-12-31,NWFL,,,Q4,4988000.0,0.0,0.0,0.0,0.0,1535000.0,0.0,0.0,0.0,0.0,2830000.0,0.0,0.0,0.0,0.0,0.46471531676022454,0.0,2318000.0,0.46471531676022454,739000.0,1579000.0,0.3165597433841219,0.0,0.0,0.0,0.0,,
0,2006-09-30,NWFL,,,Q3,4996000.0,0.0,0.0,0.0,0.0,1482000.0,0.0,0.0,0.0,0.0,2545000.0,0.0,0.0,0.0,0.0,0.44455564451561247,0.0,2221000.0,0.44455564451561247,699000.0,1522000.0,0.30464371497197756,0.327273,0.321212,4650556.0,4738302.0,,
0,2006-06-30,NWFL,,,Q2,5032000.0,0.0,0.0,0.0,0.0,1456000.0,0.0,0.0,0.0,0.0,2321000.0,0.0,0.0,0.0,0.0,0.424483306836248,0.0,2136000.0,0.424483306836248,660000.0,1476000.0,0.2933227344992051,0.321212,0.315152,4595094.0,4683462.0,,
0,2006-03-31,NWFL,,,Q1,4750000.0,0.0,0.0,0.0,0.0,1406000.0,0.0,0.0,0.0,0.0,2070000.0,0.0,0.0,0.0,0.0,0.4029473684210526,0.0,1914000.0,0.4029473684210526,581000.0,1333000.0,0.2806315789473684,0.277056,0.271284,4811297.0,4913665.0,,
0,2005-12-31,NWFL,,,Q4,4818000.0,0.0,0.0,0.0,0.0,1488000.0,0.0,0.0,0.0,0.0,1941000.0,0.0,0.0,0.0,0.0,0.43171440431714403,0.0,2080000.0,0.43171440431714403,638000.0,1442000.0,0.2992943129929431,0.0,0.0,0.0,0.0,,
0,2005-09-30,NWFL,,,Q3,4842000.0,0.0,0.0,0.0,0.0,1360000.0,0.0,0.0,0.0,0.0,1644000.0,0.0,0.0,0.0,0.0,0.4388682362660058,0.0,2125000.0,0.4388682362660058,643000.0,1482000.0,0.30607187112763323,0.323232,0.311688,4584938.0,4754750.0,,
0,2005-06-30,NWFL,,,Q2,4661000.0,0.0,0.0,0.0,0.0,1334000.0,0.0,0.0,0.0,0.0,1517000.0,0.0,0.0,0.0,0.0,0.406350568547522,0.0,1894000.0,0.406350568547522,564000.0,1330000.0,0.28534649216906244,0.2886,0.282828,4608450.0,4702500.0,,
0,2005-03-31,NWFL,,,Q1,4490000.0,0.0,0.0,0.0,0.0,1387000.0,0.0,0.0,0.0,0.0,1403000.0,0.0,0.0,0.0,0.0,0.38730512249443205,0.0,1739000.0,0.38730512249443205,496000.0,1243000.0,0.276837416481069,0.271284,0.265512,4581910.0,4681516.0,,
0,2004-12-31,NWFL,2005-03-22 00:00:00,2005-03-22 12:55:03,Q4,4615000.0,0.0,0.0,0.0,0.0,1449000.0,0.0,0.0,0.0,0.0,1299000.0,0.0,0.0,0.0,0.0,0.4351029252437703,0.0,2008000.0,0.4351029252437703,645000.0,1363000.0,0.29534127843987,0.0,0.0,0.0,0.0,https://www.sec.gov/Archives/edgar/data/1013272/000094627505000358/0000946275-05-000358-index.html,https://www.sec.gov/Archives/edgar/data/1013272/000094627505000358/f10k_123104-0160.txt
0,2004-09-30,NWFL,2004-11-12 00:00:00,2004-11-12 12:58:14,Q3,4429000.0,0.0,0.0,0.0,0.0,1276000.0,0.0,0.0,0.0,0.0,1224000.0,0.0,0.0,0.0,0.0,0.4109279747121246,0.0,1820000.0,0.4109279747121246,500000.0,1320000.0,0.29803567396703545,0.2886,0.282828,4573800.0,4667143.0,https://www.sec.gov/Archives/edgar/data/1013272/000094627504001063/0000946275-04-001063-index.html,https://www.sec.gov/Archives/edgar/data/1013272/000094627504001063/f10q_093004-0160.txt
0,2004-06-30,NWFL,2004-08-13 00:00:00,2004-08-13 13:37:59,Q2,4142000.0,0.0,0.0,0.0,0.0,1262000.0,0.0,0.0,0.0,0.0,1215000.0,0.0,0.0,0.0,0.0,0.37011105746016415,0.0,1533000.0,0.37011105746016415,406000.0,1127000.0,0.27209077740222115,0.248196,0.242424,4540762.0,4648875.0,https://www.sec.gov/Archives/edgar/data/1013272/000094627504000767/0000946275-04-000767-index.html,https://www.sec.gov/Archives/edgar/data/1013272/000094627504000767/f10q_063004-0160.txt
0,2004-03-31,NWFL,2004-05-13 00:00:00,2004-05-13 11:36:46,Q1,4372000.0,0.0,0.0,0.0,0.0,1302000.0,0.0,0.0,0.0,0.0,1256000.0,0.0,0.0,0.0,0.0,0.3778591033851784,0.0,1652000.0,0.3778591033851784,452000.0,1200000.0,0.2744739249771272,0.265512,0.25974,4519565.0,4620000.0,https://www.sec.gov/Archives/edgar/data/1013272/000094627504000523/0000946275-04-000523-index.html,https://www.sec.gov/Archives/edgar/data/1013272/000094627504000523/f10q_033104-0160.txt
0,2003-12-31,NWFL,2004-03-22 00:00:00,2004-03-22 14:54:50,Q4,4295000.0,0.0,0.0,0.0,0.0,1405000.0,0.0,0.0,0.0,0.0,1347000.0,0.0,0.0,0.0,0.0,0.3911525029103609,0.0,1680000.0,0.3911525029103609,453000.0,1227000.0,0.2856810244470314,0.0,0.0,0.0,0.0,https://www.sec.gov/Archives/edgar/data/1013272/000094627504000335/0000946275-04-000335-index.html,https://www.sec.gov/Archives/edgar/data/1013272/000094627504000335/f10k_123103-0160.txt
0,2003-09-30,NWFL,2003-11-13 00:00:00,2003-11-13 11:02:18,Q3,4184000.0,0.0,0.0,0.0,0.0,1232000.0,0.0,0.0,0.0,0.0,1461000.0,0.0,0.0,0.0,0.0,0.382887189292543,0.0,1602000.0,0.382887189292543,408000.0,1194000.0,0.2853728489483748,0.265512,0.25974,4496967.0,4596900.0,https://www.sec.gov/Archives/edgar/data/1013272/000094627503000804/0000946275-03-000804-index.html,https://www.sec.gov/Archives/edgar/data/1013272/000094627503000804/f10q_093003-0160.txt
0,2003-06-30,NWFL,2003-08-13 00:00:00,2003-08-13 13:13:12,Q2,4170000.0,0.0,0.0,0.0,0.0,1219000.0,0.0,0.0,0.0,0.0,1568000.0,0.0,0.0,0.0,0.0,0.3669064748201439,0.0,1530000.0,0.3669064748201439,408000.0,1122000.0,0.26906474820143883,0.248196,0.242424,4520616.0,4628250.0,https://www.sec.gov/Archives/edgar/data/1013272/000094627503000546/0000946275-03-000546-index.html,https://www.sec.gov/Archives/edgar/data/1013272/000094627503000546/f10q_063003-0160.txt
0,2003-03-31,NWFL,2003-05-14 00:00:00,2003-05-14 16:54:26,Q1,4166000.0,0.0,0.0,0.0,0.0,1230000.0,0.0,0.0,0.0,0.0,1647000.0,0.0,0.0,0.0,0.0,0.3684589534325492,0.0,1535000.0,0.3684589534325492,425000.0,1110000.0,0.26644263082093134,0.165464,0.161616,4606653.0,4606653.0,https://www.sec.gov/Archives/edgar/data/1013272/000094627503000365/0000946275-03-000365-index.html,https://www.sec.gov/Archives/edgar/data/1013272/000094627503000365/f10q_033103-0160.txt
0,2002-12-31,NWFL,2003-03-21 00:00:00,2003-03-21 14:01:51,Q4,4099000.0,0.0,0.0,0.0,0.0,1340000.0,0.0,0.0,0.0,0.0,1793000.0,0.0,0.0,0.0,0.0,0.38155647718955843,0.0,1564000.0,0.38155647718955843,435000.0,1129000.0,0.2754330324469383,0.0,0.0,0.0,0.0,https://www.sec.gov/Archives/edgar/data/1013272/000094627503000182/0000946275-03-000182-index.html,https://www.sec.gov/Archives/edgar/data/1013272/000094627503000182/f10k_123102-0160.txt
0,2002-09-30,NWFL,2002-11-12 00:00:00,2002-11-12 11:33:21,Q3,4283000.0,0.0,0.0,0.0,0.0,1219000.0,0.0,0.0,0.0,0.0,1859000.0,0.0,0.0,0.0,0.0,0.3719355591874854,0.0,1593000.0,0.3719355591874854,439000.0,1154000.0,0.2694373102965211,0.261664,0.257816,4410232.0,4476056.0,https://www.sec.gov/Archives/edgar/data/1013272/000094627502000518/0000946275-02-000518-index.html,https://www.sec.gov/Archives/edgar/data/1013272/000094627502000518/f10q_093002-0160.txt
0,2002-06-30,NWFL,2002-08-12 00:00:00,2002-08-12 09:25:42,Q2,4425000.0,0.0,0.0,0.0,0.0,1210000.0,0.0,0.0,0.0,0.0,1929000.0,0.0,0.0,0.0,0.0,0.3206779661016949,0.0,1419000.0,0.3206779661016949,378000.0,1041000.0,0.2352542372881356,0.234728,0.23088,4434916.0,4508831.0,https://www.sec.gov/Archives/edgar/data/1013272/000094627502000407/0000946275-02-000407-index.html,https://www.sec.gov/Archives/edgar/data/1013272/000094627502000407/f10q_063002-0160.txt
0,2002-03-31,NWFL,2002-05-10 00:00:00,2002-05-10 10:20:36,Q1,4148000.0,0.0,0.0,0.0,0.0,1246000.0,0.0,0.0,0.0,0.0,2032000.0,0.0,0.0,0.0,0.0,0.33751205400192863,0.0,1400000.0,0.33751205400192863,371000.0,1029000.0,0.24807135969141755,0.234728,0.23088,4383793.0,4456856.0,https://www.sec.gov/Archives/edgar/data/1013272/000094627502000265/0000946275-02-000265-index.html,https://www.sec.gov/Archives/edgar/data/1013272/000094627502000265/f10q_033102-0160.txt
0,2001-12-31,NWFL,,,Q4,4250000.0,0.0,0.0,0.0,0.0,1368000.0,0.0,0.0,0.0,0.0,2259000.0,0.0,0.0,0.0,0.0,0.3710588235294118,0.0,1577000.0,0.3710588235294118,454000.0,1123000.0,0.26423529411764707,0.0,0.0,0.0,0.0,,
0,2001-09-30,NWFL,2001-11-09 00:00:00,2001-11-09 00:00:00,Q3,4099000.0,0.0,0.0,0.0,0.0,1121000.0,0.0,0.0,0.0,0.0,2554000.0,0.0,0.0,0.0,0.0,0.3666747987313979,0.0,1503000.0,0.3666747987313979,409000.0,1094000.0,0.2668943644791413,0.25012,0.246272,4373896.0,4442238.0,https://www.sec.gov/Archives/edgar/data/1013272/000094627501500280/0000946275-01-500280-index.html,https://www.sec.gov/Archives/edgar/data/1013272/000094627501500280/f10q_093001-0160.txt
0,2001-06-30,NWFL,2001-08-08 00:00:00,2001-08-08 00:00:00,Q2,4055000.0,0.0,0.0,0.0,0.0,1128000.0,0.0,0.0,0.0,0.0,2641000.0,0.0,0.0,0.0,0.0,0.34303329223181256,0.0,1391000.0,0.34303329223181256,375000.0,1016000.0,0.25055487053020964,0.234728,0.23088,4328410.0,4400550.0,https://www.sec.gov/Archives/edgar/data/1013272/000094627501500160/0000946275-01-500160-index.html,https://www.sec.gov/Archives/edgar/data/1013272/000094627501500160/f10q_063001-0160.txt
0,2001-03-31,NWFL,2001-05-14 00:00:00,2001-05-14 00:00:00,Q1,3952000.0,0.0,0.0,0.0,0.0,1156000.0,0.0,0.0,0.0,0.0,2756000.0,0.0,0.0,0.0,0.0,0.33704453441295545,0.0,1332000.0,0.33704453441295545,363000.0,969000.0,0.24519230769230768,0.223184,0.223184,4341705.0,4341705.0,https://www.sec.gov/Archives/edgar/data/1013272/000094627501500073/0000946275-01-500073-index.html,https://www.sec.gov/Archives/edgar/data/1013272/000094627501500073/f10q_033101-0160.txt
0,2000-12-31,NWFL,,,Q4,3922000.0,0.0,0.0,0.0,0.0,1294000.0,0.0,0.0,0.0,0.0,2867000.0,0.0,0.0,0.0,0.0,0.35900050994390614,0.0,1408000.0,0.35900050994390614,399000.0,1009000.0,0.25726670066292706,0.0,0.0,0.0,0.0,,
0,2000-09-30,NWFL,2000-11-07 00:00:00,2000-11-07 00:00:00,Q3,4027000.0,0.0,0.0,0.0,0.0,1091000.0,0.0,0.0,0.0,0.0,2757000.0,0.0,0.0,0.0,0.0,0.36081450211075244,0.0,1453000.0,0.36081450211075244,414000.0,1039000.0,0.2580084430096846,0.238576,0.234728,4355002.0,4426395.0,https://www.sec.gov/Archives/edgar/data/1013272/000094627500000493/0000946275-00-000493-index.html,https://www.sec.gov/Archives/edgar/data/1013272/000094627500000493/0000946275-00-000493-0001.txt
0,2000-06-30,NWFL,2000-08-10 00:00:00,2000-08-10 00:00:00,Q2,3910000.0,0.0,0.0,0.0,0.0,1081000.0,0.0,0.0,0.0,0.0,2654000.0,0.0,0.0,0.0,0.0,0.32506393861892585,0.0,1271000.0,0.32506393861892585,347000.0,924000.0,0.23631713554987213,0.215488,0.215488,4287938.0,4287938.0,https://www.sec.gov/Archives/edgar/data/1013272/000094627500000385/0000946275-00-000385-index.html,https://www.sec.gov/Archives/edgar/data/1013272/000094627500000385/0000946275-00-000385-0001.txt
0,2000-03-31,NWFL,2000-05-12 00:00:00,2000-05-12 00:00:00,Q1,3697000.0,0.0,0.0,0.0,0.0,1074000.0,0.0,0.0,0.0,0.0,2599000.0,0.0,0.0,0.0,0.0,0.3332431701379497,0.0,1232000.0,0.3332431701379497,344000.0,888000.0,0.24019475250202868,0.203944,0.203944,4354132.0,4354132.0,https://www.sec.gov/Archives/edgar/data/1013272/000094627500000255/0000946275-00-000255-index.html,https://www.sec.gov/Archives/edgar/data/1013272/0000946275-00-000255.txt
0,1999-12-31,NWFL,2000-03-23 00:00:00,2000-03-23 00:00:00,Q4,3600000.0,0.0,0.0,0.0,0.0,1200000.0,0.0,0.0,0.0,0.0,2500000.0,0.0,0.0,0.0,0.0,0.3611111111111111,0.0,1300000.0,0.3611111111111111,400000.0,900000.0,0.25,0.0,0.0,0.0,0.0,https://www.sec.gov/Archives/edgar/data/1013272/000094627500000151/0000946275-00-000151-index.html,https://www.sec.gov/Archives/edgar/data/1013272/0000946275-00-000151.txt
0,1999-09-30,NWFL,1999-11-02 00:00:00,1999-11-02 00:00:00,Q3,3700000.0,0.0,0.0,0.0,0.0,1000000.0,0.0,0.0,0.0,0.0,2300000.0,0.0,0.0,0.0,0.0,0.35135135135135137,0.0,1300000.0,0.35135135135135137,400000.0,900000.0,0.24324324324324326,0.134388,0.134388,4553010.0,4553010.0,https://www.sec.gov/Archives/edgar/data/1013272/000094627599000571/0000946275-99-000571-index.html,https://www.sec.gov/Archives/edgar/data/1013272/0000946275-99-000571.txt
0,1999-06-30,NWFL,1999-08-06 00:00:00,1999-08-06 00:00:00,Q2,3400000.0,0.0,0.0,0.0,0.0,1000000.0,0.0,0.0,0.0,0.0,2200000.0,0.0,0.0,0.0,0.0,0.35294117647058826,0.0,1200000.0,0.35294117647058826,400000.0,800000.0,0.23529411764705882,0.122171,0.122171,4576398.0,4576398.0,https://www.sec.gov/Archives/edgar/data/1013272/000094627599000448/0000946275-99-000448-index.html,https://www.sec.gov/Archives/edgar/data/1013272/0000946275-99-000448.txt
0,1999-03-31,NWFL,1999-05-11 00:00:00,1999-05-11 00:00:00,Q1,3300000.0,0.0,0.0,0.0,0.0,1000000.0,0.0,0.0,0.0,0.0,2100000.0,0.0,0.0,0.0,0.0,0.36363636363636365,0.0,1200000.0,0.36363636363636365,400000.0,800000.0,0.24242424242424243,0.117284,0.117284,4625777.0,4625777.0,https://www.sec.gov/Archives/edgar/data/1013272/000094627599000288/0000946275-99-000288-index.html,https://www.sec.gov/Archives/edgar/data/1013272/0000946275-99-000288.txt
0,1998-12-31,NWFL,1999-03-30 00:00:00,1999-03-30 00:00:00,Q4,3400000.0,0.0,0.0,0.0,0.0,1100000.0,0.0,0.0,0.0,0.0,2200000.0,0.0,0.0,0.0,0.0,0.35294117647058826,0.0,1200000.0,0.35294117647058826,400000.0,800000.0,0.23529411764705882,0.0,0.0,0.0,0.0,https://www.sec.gov/Archives/edgar/data/1013272/000094627599000218/0000946275-99-000218-index.html,https://www.sec.gov/Archives/edgar/data/1013272/0000946275-99-000218.txt
0,1998-09-30,NWFL,1998-11-13 00:00:00,1998-11-13 00:00:00,Q3,3500000.0,0.0,0.0,0.0,0.0,100000.0,0.0,0.0,0.0,0.0,2100000.0,0.0,0.0,0.0,0.0,0.37142857142857144,0.0,1300000.0,0.37142857142857144,400000.0,900000.0,0.2571428571428571,0.129501,0.129501,4628373.0,4628373.0,https://www.sec.gov/Archives/edgar/data/1013272/000094627598000669/0000946275-98-000669-index.html,https://www.sec.gov/Archives/edgar/data/1013272/0000946275-98-000669.txt
0,1998-06-30,NWFL,1998-08-06 00:00:00,1998-08-06 00:00:00,Q2,3300000.0,0.0,0.0,0.0,0.0,1000000.0,0.0,0.0,0.0,0.0,2100000.0,0.0,0.0,0.0,0.0,0.3333333333333333,0.0,1100000.0,0.3333333333333333,300000.0,800000.0,0.24242424242424243,0.114841,0.114841,4628373.0,4628373.0,https://www.sec.gov/Archives/edgar/data/1013272/000094627598000449/0000946275-98-000449-index.html,https://www.sec.gov/Archives/edgar/data/1013272/0000946275-98-000449.txt
0,1998-03-31,NWFL,1998-05-11 00:00:00,1998-05-11 00:00:00,Q1,3200000.0,0.0,0.0,0.0,0.0,1000000.0,0.0,0.0,0.0,0.0,2100000.0,0.0,0.0,0.0,0.0,0.3125,0.0,1000000.0,0.3125,300000.0,700000.0,0.21875,0.105067,0.105067,4628373.0,4628373.0,https://www.sec.gov/Archives/edgar/data/1013272/000094627598000289/0000946275-98-000289-index.html,https://www.sec.gov/Archives/edgar/data/1013272/0000946275-98-000289.txt
0,1997-12-31,NWFL,,,Q4,0.0,0.0,0.0,0.0,0.0,0.0,0.0,0.0,0.0,0.0,0.0,0.0,0.0,0.0,0.0,0.0,0.0,0.0,0.0,0.0,700000.0,0.0,0.0,0.0,0.0,0.0,,
0,1997-09-30,NWFL,1997-11-06 00:00:00,1997-11-06 00:00:00,Q3,0.0,0.0,0.0,0.0,0.0,0.0,0.0,0.0,0.0,0.0,0.0,0.0,0.0,0.0,0.0,0.0,0.0,0.0,0.0,0.0,700000.0,0.0,0.05009,0.05009,13974833,13974833,https://www.sec.gov/Archives/edgar/data/1013272/000094627597000563/0000946275-97-000563-index.html,https://www.sec.gov/Archives/edgar/data/1013272/0000946275-97-000563.txt
0,1997-06-30,NWFL,1997-08-12 00:00:00,1997-08-12 00:00:00,Q2,0.0,0.0,0.0,0.0,0.0,0.0,0.0,0.0,0.0,0.0,0.0,0.0,0.0,0.0,0.0,0.0,0.0,0.0,0.0,0.0,700000.0,0.0,0.05009,0.05009,13974833,13974833,https://www.sec.gov/Archives/edgar/data/1013272/000101871297000031/0001018712-97-000031-index.html,https://www.sec.gov/Archives/edgar/data/1013272/0001018712-97-000031.txt
0,1997-03-31,NWFL,1997-05-13 00:00:00,1997-05-13 00:00:00,Q1,0.0,0.0,0.0,0.0,0.0,0.0,0.0,0.0,0.0,0.0,0.0,0.0,0.0,0.0,0.0,0.0,0.0,0.0,0.0,0.0,600000.0,0.0,0.048868,0.048868,12277849,12277849,https://www.sec.gov/Archives/edgar/data/1013272/000101871297000020/0001018712-97-000020-index.html,https://www.sec.gov/Archives/edgar/data/1013272/0001018712-97-000020.txt
0,1996-12-31,NWFL,1997-03-31 00:00:00,1997-03-31 00:00:00,Q4,3700000.0,2170000.0,3700000.0,1.0,0.0,3230000.0,0.0,0.0,5400000.0,0.0,2170000.0,269999.99999999994,2920000.0,0.0,480000.0,0.0,0.0,480000.0,0.0,70000.0,410000.0,0.0,0.09513,0.09513,4310000.0,4310000.0,https://www.sec.gov/Archives/edgar/data/1013272/000094627597000176/0000946275-97-000176-index.html,https://www.sec.gov/Archives/edgar/data/1013272/0000946275-97-000176.txt
0,1996-09-30,NWFL,1996-11-12 00:00:00,1996-11-12 00:00:00,Q3,2810000.0,2000000.0,2810000.0,1.0,0.0,2290000.0,0.0,0.0,4290000.0,0.0,2000000.0,150000.00000000003,2670000.0,0.0,520000.0,0.0,0.0,520000.0,0.0,100000.0,420000.0,0.0,0.09655,0.09655,4350000.0,4350000.0,https://www.sec.gov/Archives/edgar/data/1013272/000101871296000012/0001018712-96-000012-index.html,https://www.sec.gov/Archives/edgar/data/1013272/0001018712-96-000012.txt
