,date,symbol,fillingDate,acceptedDate,period,revenue,costOfRevenue,grossProfit,grossProfitRatio,researchAndDevelopmentExpenses,generalAndAdministrativeExpenses,sellingAndMarketingExpenses,otherExpenses,operatingExpenses,costAndExpenses,interestExpense,depreciationAndAmortization,ebitda,ebitdaratio,operatingIncome,operatingIncomeRatio,totalOtherIncomeExpensesNet,incomeBeforeTax,incomeBeforeTaxRatio,incomeTaxExpense,netIncome,netIncomeRatio,eps,epsdiluted,weightedAverageShsOut,weightedAverageShsOutDil,link,finalLink
0,2020-09-30,MKP.TO,2020-09-30,2020-09-30,Q3,29811000,0.0,0.0,0.0,0.0,1525000.0,0.0,0.0,1699000.0,0.0,11884000,0.0,0.0,0.0,0.0,0.773875415115226,0.0,23070000,0.773875415115226,329000.0,22741000,0.7628392204219919,0.92,0.92,24622000,24622000,https://www.sedar.com/ModifyCompanyDocumentSearchForm.do?lang=EN&company_search=MCAN Mortgage Corp&document_selection=0&industry_group=A&FromDate=13&FromMonth=05&FromYear=2000&ToDate=13&ToMonth=11&ToYear=2020&Variable=Issuer,https://www.sedar.com/ModifyCompanyDocumentSearchForm.do?lang=EN&company_search=MCAN Mortgage Corp&document_selection=0&industry_group=A&FromDate=13&FromMonth=05&FromYear=2000&ToDate=13&ToMonth=11&ToYear=2020&Variable=Issuer
0,2020-06-30,MKP.TO,2020-06-30,2020-06-30,Q2,14899000,0.0,0.0,0.0,0.0,1750000.0,0.0,0.0,1861000.0,0.0,12458000,0.0,0.0,0.0,0.0,0.5415799718101886,0.0,8069000.0,0.5415799718101886,273000.0,7796000.0,0.5232565944023089,0.32,0.32,24422000,24422000,https://www.sedar.com/ModifyCompanyDocumentSearchForm.do?lang=EN&company_search=MCAN Mortgage Corp&document_selection=0&industry_group=A&FromDate=13&FromMonth=05&FromYear=2000&ToDate=13&ToMonth=11&ToYear=2020&Variable=Issuer,https://www.sedar.com/ModifyCompanyDocumentSearchForm.do?lang=EN&company_search=MCAN Mortgage Corp&document_selection=0&industry_group=A&FromDate=13&FromMonth=05&FromYear=2000&ToDate=13&ToMonth=11&ToYear=2020&Variable=Issuer
0,2020-03-31,MKP.TO,2020-03-31,2020-03-31,Q1,-887000.0,0.0,0.0,0.0,0.0,1755000.0,0.0,0.0,3334000.0,0.0,11896000,0.0,0.0,0.0,0.0,11.023675310033822,0.0,-9778000.0,11.023675310033822,-48000.0,-9730000.0,10.969560315670801,-0.4,-0.4,24295000,24295000,https://www.sedar.com/ModifyCompanyDocumentSearchForm.do?lang=EN&company_search=MCAN Mortgage Corp&document_selection=0&industry_group=A&FromDate=13&FromMonth=05&FromYear=2000&ToDate=13&ToMonth=11&ToYear=2020&Variable=Issuer,https://www.sedar.com/ModifyCompanyDocumentSearchForm.do?lang=EN&company_search=MCAN Mortgage Corp&document_selection=0&industry_group=A&FromDate=13&FromMonth=05&FromYear=2000&ToDate=13&ToMonth=11&ToYear=2020&Variable=Issuer
0,2019-12-31,MKP.TO,2019-12-31,2019-12-31,Q4,17635000,0.0,0.0,0.0,0.0,1409000.0,0.0,0.0,2085000.0,0.0,11687000,0.0,0.0,0.0,0.0,0.5806634533597959,0.0,10240000,0.5806634533597959,-310000.0,10550000,0.5982421321236178,0.42847859637722363,0.42847859637722363,24622000,24622000,https://www.sedar.com/ModifyCompanyDocumentSearchForm.do?lang=EN&company_search=MCAN Mortgage Corp&document_selection=0&industry_group=A&FromDate=13&FromMonth=05&FromYear=2000&ToDate=13&ToMonth=11&ToYear=2020&Variable=Issuer,https://www.sedar.com/ModifyCompanyDocumentSearchForm.do?lang=EN&company_search=MCAN Mortgage Corp&document_selection=0&industry_group=A&FromDate=13&FromMonth=05&FromYear=2000&ToDate=13&ToMonth=11&ToYear=2020&Variable=Issuer
0,2019-09-30,MKP.TO,2019-09-30,2019-09-30,Q3,20724000,0.0,0.0,0.0,0.0,2021000.0,0.0,0.0,1205000.0,0.0,11910000,0.0,0.0,0.0,0.0,0.7023258058289905,0.0,14555000,0.7023258058289905,4000.0,14551000,0.7021327928971242,0.6,0.6,24133000,24133000,https://www.sedar.com/ModifyCompanyDocumentSearchForm.do?lang=EN&company_search=MCAN Mortgage Corp&document_selection=0&industry_group=A&FromDate=13&FromMonth=05&FromYear=2000&ToDate=13&ToMonth=11&ToYear=2020&Variable=Issuer,https://www.sedar.com/ModifyCompanyDocumentSearchForm.do?lang=EN&company_search=MCAN Mortgage Corp&document_selection=0&industry_group=A&FromDate=13&FromMonth=05&FromYear=2000&ToDate=13&ToMonth=11&ToYear=2020&Variable=Issuer
0,2019-06-30,MKP.TO,2019-06-30,2019-06-30,Q2,15231000,3494000.0,0.0,0.0,0.0,1938000.0,0.0,0.0,1162000.0,5145000.0,10962000,0.0,19893000,1.30608627142013,21048000,0.5670671656490053,0.0,8637000.0,0.5670671656490053,-251000.0,8888000.0,0.5835467139386777,0.37,0.37,24042000,24042000,https://www.sedar.com/ModifyCompanyDocumentSearchForm.do?lang=EN&company_search=MCAN Mortgage Corp&document_selection=0&industry_group=A&FromDate=13&FromMonth=05&FromYear=2000&ToDate=13&ToMonth=11&ToYear=2020&Variable=Issuer,https://www.sedar.com/ModifyCompanyDocumentSearchForm.do?lang=EN&company_search=MCAN Mortgage Corp&document_selection=0&industry_group=A&FromDate=13&FromMonth=05&FromYear=2000&ToDate=13&ToMonth=11&ToYear=2020&Variable=Issuer
0,2019-03-31,MKP.TO,2019-03-31,2019-03-31,Q1,21268000,3567000.0,0.0,0.0,0.0,1924000.0,0.0,0.0,1469000.0,5491000.0,10745000,0.0,24940000,1.1726537521158549,20909000,0.6727477901072033,113000.0,14308000,0.6727477901072033,3000.0,14305000,0.6726067331201806,0.6,0.6,23914000,23914000,https://www.sedar.com/ModifyCompanyDocumentSearchForm.do?lang=EN&company_search=MCAN Mortgage Corp&document_selection=0&industry_group=A&FromDate=13&FromMonth=05&FromYear=2000&ToDate=13&ToMonth=11&ToYear=2020&Variable=Issuer,https://www.sedar.com/ModifyCompanyDocumentSearchForm.do?lang=EN&company_search=MCAN Mortgage Corp&document_selection=0&industry_group=A&FromDate=13&FromMonth=05&FromYear=2000&ToDate=13&ToMonth=11&ToYear=2020&Variable=Issuer
0,2018-12-31,MKP.TO,2018-12-31,2018-12-31,Q4,10649000,2700000.0,0.0,0.0,0.0,2812000.0,0.0,0.0,1695000.0,5640000.0,10825000,0.0,14113000,1.325288759507935,10023000,0.3232228378251479,154000.0,3442000.0,0.3232228378251479,-105000.0,3547000.0,0.3330829185839046,0.1440581593696694,0.1440581593696694,24622000,24622000,https://www.sedar.com/ModifyCompanyDocumentSearchForm.do?lang=EN&company_search=MCAN Mortgage Corp&document_selection=0&industry_group=A&FromDate=13&FromMonth=05&FromYear=2000&ToDate=13&ToMonth=11&ToYear=2020&Variable=Issuer,https://www.sedar.com/ModifyCompanyDocumentSearchForm.do?lang=EN&company_search=MCAN Mortgage Corp&document_selection=0&industry_group=A&FromDate=13&FromMonth=05&FromYear=2000&ToDate=13&ToMonth=11&ToYear=2020&Variable=Issuer
0,2018-09-30,MKP.TO,2018-09-30,2018-09-30,Q3,15867000,2294000.0,0.0,0.0,0.0,1343000.0,0.0,0.0,1161000.0,3278000.0,10680000,0.0,21324000,1.343921346190206,16829000,0.6976113947185983,425000.0,11069000,0.6976113947185983,63000.0,11006000,0.693640889897271,0.47,0.47,23655000,23655000,https://www.sedar.com/ModifyCompanyDocumentSearchForm.do?lang=EN&company_search=MCAN Mortgage Corp&document_selection=0&industry_group=A&FromDate=13&FromMonth=05&FromYear=2000&ToDate=13&ToMonth=11&ToYear=2020&Variable=Issuer,https://www.sedar.com/ModifyCompanyDocumentSearchForm.do?lang=EN&company_search=MCAN Mortgage Corp&document_selection=0&industry_group=A&FromDate=13&FromMonth=05&FromYear=2000&ToDate=13&ToMonth=11&ToYear=2020&Variable=Issuer
0,2018-06-30,MKP.TO,2018-06-30,2018-06-30,Q2,18166000,3179000.0,0.0,0.0,0.0,1963000.0,0.0,0.0,1786000.0,5370000.0,10297000,0.0,21641000,1.1912914235384784,16695000,0.6186282065396895,23000.0,11238000,0.6186282065396895,113000.0,11125000,0.6124077947814599,0.47,0.47,23561000,23561000,https://www.sedar.com/ModifyCompanyDocumentSearchForm.do?lang=EN&company_search=MCAN Mortgage Corp&document_selection=0&industry_group=A&FromDate=13&FromMonth=05&FromYear=2000&ToDate=13&ToMonth=11&ToYear=2020&Variable=Issuer,https://www.sedar.com/ModifyCompanyDocumentSearchForm.do?lang=EN&company_search=MCAN Mortgage Corp&document_selection=0&industry_group=A&FromDate=13&FromMonth=05&FromYear=2000&ToDate=13&ToMonth=11&ToYear=2020&Variable=Issuer
0,2018-03-31,MKP.TO,2018-03-31,2018-03-31,Q1,16783000,2945000.0,0.0,0.0,0.0,1686000.0,0.0,0.0,1708000.0,4820000.0,9948000.0,0.0,18619000,1.1093964130370018,13645000,0.6222963713281296,1773000.0,10444000,0.6222963713281296,-171000.0,10615000,0.6324852529345171,0.45,0.45,23464000,23464000,https://www.sedar.com/ModifyCompanyDocumentSearchForm.do?lang=EN&company_search=MCAN Mortgage Corp&document_selection=0&industry_group=A&FromDate=13&FromMonth=05&FromYear=2000&ToDate=13&ToMonth=11&ToYear=2020&Variable=Issuer,https://www.sedar.com/ModifyCompanyDocumentSearchForm.do?lang=EN&company_search=MCAN Mortgage Corp&document_selection=0&industry_group=A&FromDate=13&FromMonth=05&FromYear=2000&ToDate=13&ToMonth=11&ToYear=2020&Variable=Issuer
0,2017-12-31,MKP.TO,2017-12-31,2017-12-31,Q4,17283000,11337000,0.0,0.0,0.0,2707000.0,0.0,0.0,1508000.0,16639000,9829000.0,0.0,10473000,0.6059711855580628,10473000,0.6059711855580628,7910000.0,10473000,0.6059711855580628,-334000.0,10807000,0.625296534166522,0.4389164162131427,0.4389164162131427,24622000,24622000,https://www.sedar.com/ModifyCompanyDocumentSearchForm.do?lang=EN&company_search=MCAN Mortgage Corp&document_selection=0&industry_group=A&FromDate=13&FromMonth=05&FromYear=2000&ToDate=13&ToMonth=11&ToYear=2020&Variable=Issuer,https://www.sedar.com/ModifyCompanyDocumentSearchForm.do?lang=EN&company_search=MCAN Mortgage Corp&document_selection=0&industry_group=A&FromDate=13&FromMonth=05&FromYear=2000&ToDate=13&ToMonth=11&ToYear=2020&Variable=Issuer
0,2017-09-30,MKP.TO,2017-09-30,2017-09-30,Q3,15735000,11515000,0.0,0.0,0.0,1909000.0,0.0,0.0,1288000.0,16201000,10227000,0.0,9761000.0,0.6203368287257706,9761000.0,0.6203368287257706,6581000.0,9761000.0,0.6203368287257706,-157000.0,9918000.0,0.6303145853193518,0.42,0.42,23304000,23304000,https://www.sedar.com/ModifyCompanyDocumentSearchForm.do?lang=EN&company_search=MCAN Mortgage Corp&document_selection=0&industry_group=A&FromDate=13&FromMonth=05&FromYear=2000&ToDate=13&ToMonth=11&ToYear=2020&Variable=Issuer,https://www.sedar.com/ModifyCompanyDocumentSearchForm.do?lang=EN&company_search=MCAN Mortgage Corp&document_selection=0&industry_group=A&FromDate=13&FromMonth=05&FromYear=2000&ToDate=13&ToMonth=11&ToYear=2020&Variable=Issuer
0,2017-06-30,MKP.TO,2017-06-30,2017-06-30,Q2,15093000,4809000.0,0.0,0.0,0.0,2024000.0,0.0,0.0,1543000.0,9422000.0,10323000,0.0,8937000.0,0.592128801431127,8937000.0,0.592128801431127,5823000.0,8937000.0,0.592128801431127,-1000.0,8938000.0,0.5921950573113364,0.39,0.39,23225000,23225000,https://www.sedar.com/ModifyCompanyDocumentSearchForm.do?lang=EN&company_search=MCAN Mortgage Corp&document_selection=0&industry_group=A&FromDate=13&FromMonth=05&FromYear=2000&ToDate=13&ToMonth=11&ToYear=2020&Variable=Issuer,https://www.sedar.com/ModifyCompanyDocumentSearchForm.do?lang=EN&company_search=MCAN Mortgage Corp&document_selection=0&industry_group=A&FromDate=13&FromMonth=05&FromYear=2000&ToDate=13&ToMonth=11&ToYear=2020&Variable=Issuer
0,2017-03-31,MKP.TO,2017-03-31,2017-03-31,Q1,16605000,11559000,0.0,0.0,0.0,2023000.0,0.0,0.0,1475000.0,16176000,10084000,0.0,10513000,0.6331225534477567,10513000,0.6331225534477567,7913000.0,10513000,0.6331225534477567,248000.0,10265000,0.618187292984041,0.44,0.44,23150000,23150000,https://www.sedar.com/ModifyCompanyDocumentSearchForm.do?lang=EN&company_search=MCAN Mortgage Corp&document_selection=0&industry_group=A&FromDate=13&FromMonth=05&FromYear=2000&ToDate=13&ToMonth=11&ToYear=2020&Variable=Issuer,https://www.sedar.com/ModifyCompanyDocumentSearchForm.do?lang=EN&company_search=MCAN Mortgage Corp&document_selection=0&industry_group=A&FromDate=13&FromMonth=05&FromYear=2000&ToDate=13&ToMonth=11&ToYear=2020&Variable=Issuer
0,2016-12-31,MKP.TO,2016-12-31,2016-12-31,Q4,14095000,11634000,0.0,0.0,0.0,2342000.0,0.0,0.0,892000.0,16105000,10742000,0.0,8732000.0,0.6195104647037957,8732000.0,0.6195104647037957,5143000.0,8732000.0,0.6195104647037957,-268000.0,9000000.0,0.6385242993969493,0.3655267646819917,0.3655267646819917,24622000,24622000,https://www.sedar.com/ModifyCompanyDocumentSearchForm.do?lang=EN&company_search=MCAN Mortgage Corp&document_selection=0&industry_group=A&FromDate=13&FromMonth=05&FromYear=2000&ToDate=13&ToMonth=11&ToYear=2020&Variable=Issuer,https://www.sedar.com/ModifyCompanyDocumentSearchForm.do?lang=EN&company_search=MCAN Mortgage Corp&document_selection=0&industry_group=A&FromDate=13&FromMonth=05&FromYear=2000&ToDate=13&ToMonth=11&ToYear=2020&Variable=Issuer
0,2016-09-30,MKP.TO,2016-09-30,2016-09-30,Q3,15211000,12326000,0.0,0.0,0.0,2132000.0,0.0,0.0,1221000.0,16649000,11105000,0.0,9667000.0,0.6355269213069489,9667000.0,0.6355269213069489,5314000.0,9667000.0,0.6355269213069489,-108000.0,9775000.0,0.6426270462165538,0.43,0.43,23002000,23002000,https://www.sedar.com/ModifyCompanyDocumentSearchForm.do?lang=EN&company_search=MCAN Mortgage Corp&document_selection=0&industry_group=A&FromDate=13&FromMonth=05&FromYear=2000&ToDate=13&ToMonth=11&ToYear=2020&Variable=Issuer,https://www.sedar.com/ModifyCompanyDocumentSearchForm.do?lang=EN&company_search=MCAN Mortgage Corp&document_selection=0&industry_group=A&FromDate=13&FromMonth=05&FromYear=2000&ToDate=13&ToMonth=11&ToYear=2020&Variable=Issuer
0,2016-06-30,MKP.TO,2016-06-30,2016-06-30,Q2,20169000,12643000,13961000,0.6922009023749318,0.0,2082000.0,0.0,0.0,1752000.0,17293000,10891000,0.0,9311000.0,0.46164906539739203,9311000.0,0.6825821805741484,5443000.0,13767000,0.6825821805741484,131000.0,13636000,0.6760870643066091,0.59,0.59,22934000,22934000,https://www.sedar.com/ModifyCompanyDocumentSearchForm.do?lang=EN&company_search=MCAN Mortgage Corp&document_selection=0&industry_group=A&FromDate=13&FromMonth=05&FromYear=2000&ToDate=13&ToMonth=11&ToYear=2020&Variable=Issuer,https://www.sedar.com/ModifyCompanyDocumentSearchForm.do?lang=EN&company_search=MCAN Mortgage Corp&document_selection=0&industry_group=A&FromDate=13&FromMonth=05&FromYear=2000&ToDate=13&ToMonth=11&ToYear=2020&Variable=Issuer
0,2016-03-31,MKP.TO,2016-03-31,2016-03-31,Q1,13592000,12440000,11869000,0.873234255444379,0.0,2001000.0,0.0,0.0,1723000.0,16959000,10717000,0.0,18067000,1.3292377869334904,7350000.0,0.540759270158917,3547000.0,7350000.0,0.540759270158917,-421000.0,7771000.0,0.5717333725721012,0.34,0.34,22861000,22861000,https://www.sedar.com/ModifyCompanyDocumentSearchForm.do?lang=EN&company_search=MCAN Mortgage Corp&document_selection=0&industry_group=A&FromDate=13&FromMonth=05&FromYear=2000&ToDate=13&ToMonth=11&ToYear=2020&Variable=Issuer,https://www.sedar.com/ModifyCompanyDocumentSearchForm.do?lang=EN&company_search=MCAN Mortgage Corp&document_selection=0&industry_group=A&FromDate=13&FromMonth=05&FromYear=2000&ToDate=13&ToMonth=11&ToYear=2020&Variable=Issuer
0,2015-12-31,MKP.TO,2015-12-31,2015-12-31,Q4,16173000,13138000,14071000,0.8700302974092623,0.0,1638000.0,0.0,0.0,2102000.0,17362000,11036000,0.0,20883000,1.291226117603413,9847000.0,0.6088542632783034,3029000.0,9847000.0,0.6088542632783034,397000.0,9450000.0,0.5843071786310517,0.3838031029160913,0.3838031029160913,24622000,24622000,https://www.sedar.com/ModifyCompanyDocumentSearchForm.do?lang=EN&company_search=MCAN Mortgage Corp&document_selection=0&industry_group=A&FromDate=13&FromMonth=05&FromYear=2000&ToDate=13&ToMonth=11&ToYear=2020&Variable=Issuer,https://www.sedar.com/ModifyCompanyDocumentSearchForm.do?lang=EN&company_search=MCAN Mortgage Corp&document_selection=0&industry_group=A&FromDate=13&FromMonth=05&FromYear=2000&ToDate=13&ToMonth=11&ToYear=2020&Variable=Issuer
0,2015-09-30,MKP.TO,2015-09-30,2015-09-30,Q3,11391000,11935000,10242000,0.8991308928101133,0.0,1581000.0,0.0,0.0,1149000.0,15512000,10786000,0.0,17451000,1.5319989465367396,6665000.0,0.5851110525853744,1219000.0,6665000.0,0.5851110525853744,-528000.0,7193000.0,0.6314634360460012,0.32,0.32,22475000,22475000,https://www.sedar.com/ModifyCompanyDocumentSearchForm.do?lang=EN&company_search=MCAN Mortgage Corp&document_selection=0&industry_group=A&FromDate=13&FromMonth=05&FromYear=2000&ToDate=13&ToMonth=11&ToYear=2020&Variable=Issuer,https://www.sedar.com/ModifyCompanyDocumentSearchForm.do?lang=EN&company_search=MCAN Mortgage Corp&document_selection=0&industry_group=A&FromDate=13&FromMonth=05&FromYear=2000&ToDate=13&ToMonth=11&ToYear=2020&Variable=Issuer
0,2015-06-30,MKP.TO,2015-06-30,2015-06-30,Q2,16078000,11314000,14871000,0.9249284736907576,0.0,1263000.0,0.0,0.0,1207000.0,14450000,10107000,0.0,21842000,1.3585023012812538,11735000,0.7298793382261475,5538000.0,11735000,0.7298793382261475,-183000.0,11918000,0.7412613509142928,0.56,0.56,21091000,21091000,https://www.sedar.com/ModifyCompanyDocumentSearchForm.do?lang=EN&company_search=MCAN Mortgage Corp&document_selection=0&industry_group=A&FromDate=13&FromMonth=05&FromYear=2000&ToDate=13&ToMonth=11&ToYear=2020&Variable=Issuer,https://www.sedar.com/ModifyCompanyDocumentSearchForm.do?lang=EN&company_search=MCAN Mortgage Corp&document_selection=0&industry_group=A&FromDate=13&FromMonth=05&FromYear=2000&ToDate=13&ToMonth=11&ToYear=2020&Variable=Issuer
0,2015-03-31,MKP.TO,2015-03-31,2015-03-31,Q1,9193000.0,10444000,8092000.0,0.8802349613836615,0.0,1511000.0,0.0,0.0,1101000.0,14015000,9343000.0,0.0,13864000,1.508103992167954,4521000.0,0.4917872294136843,11000.0,4521000.0,0.4917872294136843,225000.0,4296000.0,0.46731208528228,0.21,0.21,20941000,20941000,https://www.sedar.com/ModifyCompanyDocumentSearchForm.do?lang=EN&company_search=MCAN Mortgage Corp&document_selection=0&industry_group=A&FromDate=13&FromMonth=05&FromYear=2000&ToDate=13&ToMonth=11&ToYear=2020&Variable=Issuer,https://www.sedar.com/ModifyCompanyDocumentSearchForm.do?lang=EN&company_search=MCAN Mortgage Corp&document_selection=0&industry_group=A&FromDate=13&FromMonth=05&FromYear=2000&ToDate=13&ToMonth=11&ToYear=2020&Variable=Issuer
0,2014-12-31,MKP.TO,2014-12-31,2014-12-31,Q4,11658000,10029000,10803000,0.9266598044261452,0.0,1406000.0,0.0,0.0,855000.0,13230000,9174000.0,0.0,16776000,1.4390118373648997,7602000.0,0.6520844055584148,415000.0,7602000.0,0.6520844055584148,473000.0,7129000.0,0.6115114084748671,0.2895378117131021,0.2895378117131021,24622000,24622000,https://www.sedar.com/ModifyCompanyDocumentSearchForm.do?lang=EN&company_search=MCAN Mortgage Corp&document_selection=0&industry_group=A&FromDate=13&FromMonth=05&FromYear=2000&ToDate=13&ToMonth=11&ToYear=2020&Variable=Issuer,https://www.sedar.com/ModifyCompanyDocumentSearchForm.do?lang=EN&company_search=MCAN Mortgage Corp&document_selection=0&industry_group=A&FromDate=13&FromMonth=05&FromYear=2000&ToDate=13&ToMonth=11&ToYear=2020&Variable=Issuer
0,2014-09-30,MKP.TO,2014-09-30,2014-09-30,Q3,9664000.0,9968000.0,8612000.0,0.8911423841059603,0.0,1788000.0,0.0,0.0,1052000.0,13564000,8916000.0,0.0,0.0,0.0,5016000.0,0.5190397350993378,0.0,5016000.0,0.5190397350993378,165000.0,4851000.0,0.5019660596026491,0.23,0.23,20678000,20678000,https://www.sedar.com/ModifyCompanyDocumentSearchForm.do?lang=EN&company_search=MCAN Mortgage Corp&document_selection=0&industry_group=A&FromDate=13&FromMonth=05&FromYear=2000&ToDate=13&ToMonth=11&ToYear=2020&Variable=Issuer,https://www.sedar.com/ModifyCompanyDocumentSearchForm.do?lang=EN&company_search=MCAN Mortgage Corp&document_selection=0&industry_group=A&FromDate=13&FromMonth=05&FromYear=2000&ToDate=13&ToMonth=11&ToYear=2020&Variable=Issuer
0,2014-06-30,MKP.TO,2014-06-30,2014-06-30,Q2,10825000,9483000.0,9698000.0,0.8958891454965358,0.0,1406000.0,0.0,0.0,1127000.0,12704000,8356000.0,0.0,9833000.0,0.9083602771362587,6477000.0,0.5983371824480369,1617000.0,6477000.0,0.5983371824480369,385000.0,6092000.0,0.5627713625866051,0.3,0.3,20560000,20560000,https://www.sedar.com/ModifyCompanyDocumentSearchForm.do?lang=EN&company_search=MCAN Mortgage Corp&document_selection=0&industry_group=A&FromDate=13&FromMonth=05&FromYear=2000&ToDate=13&ToMonth=11&ToYear=2020&Variable=Issuer,https://www.sedar.com/ModifyCompanyDocumentSearchForm.do?lang=EN&company_search=MCAN Mortgage Corp&document_selection=0&industry_group=A&FromDate=13&FromMonth=05&FromYear=2000&ToDate=13&ToMonth=11&ToYear=2020&Variable=Issuer
0,2014-03-31,MKP.TO,2014-03-31,2014-03-31,Q1,11149000,8694000.0,10726000,0.9620593775226478,0.0,1629000.0,0.0,0.0,423000.0,12059000,8271000.0,0.0,7378000.0,0.6617633868508387,7361000.0,0.6602385864203068,3430000.0,7361000.0,0.6602385864203068,-13000.0,7374000.0,0.6614046102789488,0.36,0.36,20507000,20507000,https://www.sedar.com/ModifyCompanyDocumentSearchForm.do?lang=EN&company_search=MCAN Mortgage Corp&document_selection=0&industry_group=A&FromDate=13&FromMonth=05&FromYear=2000&ToDate=13&ToMonth=11&ToYear=2020&Variable=Issuer,https://www.sedar.com/ModifyCompanyDocumentSearchForm.do?lang=EN&company_search=MCAN Mortgage Corp&document_selection=0&industry_group=A&FromDate=13&FromMonth=05&FromYear=2000&ToDate=13&ToMonth=11&ToYear=2020&Variable=Issuer
0,2013-12-31,MKP.TO,2013-12-31,2013-12-31,Q4,15564000,9763000.0,14251000,0.9156386533024929,0.0,1913000.0,0.0,0.0,-697000.0,13572000,8333000.0,0.0,20785000,1.3354536108969417,10442000,0.8000514006682087,-18370000,12452000,0.8000514006682087,1474000.0,10978000,0.7053456694937034,0.44586142474210055,0.44586142474210055,24622000,24622000,https://www.sedar.com/ModifyCompanyDocumentSearchForm.do?lang=EN&company_search=MCAN Mortgage Corp&document_selection=0&industry_group=A&FromDate=13&FromMonth=05&FromYear=2000&ToDate=13&ToMonth=11&ToYear=2020&Variable=Issuer,https://www.sedar.com/ModifyCompanyDocumentSearchForm.do?lang=EN&company_search=MCAN Mortgage Corp&document_selection=0&industry_group=A&FromDate=13&FromMonth=05&FromYear=2000&ToDate=13&ToMonth=11&ToYear=2020&Variable=Issuer
0,2013-09-30,MKP.TO,2013-09-30,2013-09-30,Q3,14523000,9285000.0,13347000,0.9190249948357777,0.0,2229000.0,0.0,0.0,1176000.0,12776000,8109000.0,0.0,17965000,1.2370033739585484,9856000.0,0.6184672588308201,-874000.0,8982000.0,0.6184672588308201,-721000.0,9703000.0,0.668112648901742,0.49,0.49,20330000,20330000,https://www.sedar.com/ModifyCompanyDocumentSearchForm.do?lang=EN&company_search=MCAN Mortgage Corp&document_selection=0&industry_group=A&FromDate=13&FromMonth=05&FromYear=2000&ToDate=13&ToMonth=11&ToYear=2020&Variable=Issuer,https://www.sedar.com/ModifyCompanyDocumentSearchForm.do?lang=EN&company_search=MCAN Mortgage Corp&document_selection=0&industry_group=A&FromDate=13&FromMonth=05&FromYear=2000&ToDate=13&ToMonth=11&ToYear=2020&Variable=Issuer
0,2013-06-30,MKP.TO,2013-06-30,2013-06-30,Q2,7382000.0,10613000,7002000.0,0.9485234353833649,0.0,1442000.0,0.0,0.0,380000.0,13098000,8553000.0,0.0,13070000,1.77052289352479,4517000.0,0.6118937957193172,3959000.0,4517000.0,0.6118937957193172,-480000.0,4997000.0,0.676916824708751,0.27,0.27,18808000,18808000,https://www.sedar.com/ModifyCompanyDocumentSearchForm.do?lang=EN&company_search=MCAN Mortgage Corp&document_selection=0&industry_group=A&FromDate=13&FromMonth=05&FromYear=2000&ToDate=13&ToMonth=11&ToYear=2020&Variable=Issuer,https://www.sedar.com/ModifyCompanyDocumentSearchForm.do?lang=EN&company_search=MCAN Mortgage Corp&document_selection=0&industry_group=A&FromDate=13&FromMonth=05&FromYear=2000&ToDate=13&ToMonth=11&ToYear=2020&Variable=Issuer
0,2013-03-31,MKP.TO,2013-03-31,2013-03-31,Q1,7494000.0,10613000,6642000.0,0.8863090472377902,0.0,1672000.0,0.0,0.0,852000.0,13254000,9120000.0,0.0,13121000,1.7508673605551108,4001000.0,0.5338937816920203,2556000.0,4001000.0,0.5338937816920203,-524000.0,4525000.0,0.6038163864424874,0.24,0.24,18768000,18768000,https://www.sedar.com/ModifyCompanyDocumentSearchForm.do?lang=EN&company_search=MCAN Mortgage Corp&document_selection=0&industry_group=A&FromDate=13&FromMonth=05&FromYear=2000&ToDate=13&ToMonth=11&ToYear=2020&Variable=Issuer,https://www.sedar.com/ModifyCompanyDocumentSearchForm.do?lang=EN&company_search=MCAN Mortgage Corp&document_selection=0&industry_group=A&FromDate=13&FromMonth=05&FromYear=2000&ToDate=13&ToMonth=11&ToYear=2020&Variable=Issuer
0,2012-12-31,MKP.TO,2012-12-31,2012-12-31,Q4,-23603000,20752000,8372000.0,-0.354700673643181,0.0,-1483000.0,0.0,0.0,0.0,23222000,10168000,0.0,16070000,-0.6808456552133203,5902000.0,-0.25005295936957167,4700000.0,5902000.0,-0.25005295936957167,-1440000.0,7342000.0,-0.3110621531161293,0.29818861181057593,0.29818861181057593,24622000,24622000,https://www.sedar.com/ModifyCompanyDocumentSearchForm.do?lang=EN&company_search=MCAN Mortgage Corp&document_selection=0&industry_group=A&FromDate=13&FromMonth=05&FromYear=2000&ToDate=13&ToMonth=11&ToYear=2020&Variable=Issuer,https://www.sedar.com/ModifyCompanyDocumentSearchForm.do?lang=EN&company_search=MCAN Mortgage Corp&document_selection=0&industry_group=A&FromDate=13&FromMonth=05&FromYear=2000&ToDate=13&ToMonth=11&ToYear=2020&Variable=Issuer
0,2012-09-30,MKP.TO,2012-09-30,2012-09-30,Q3,16721000,12260000,4461000.0,0.2667902637402069,0.0,2031000.0,0.0,0.0,0.0,14291000,10857000,0.0,13287000,0.7946295078045571,2430000.0,0.1453262364691107,327000.0,2430000.0,0.1453262364691107,-1034000.0,3464000.0,0.20716464326296274,0.19,0.19,17732000,17732000,https://www.sedar.com/ModifyCompanyDocumentSearchForm.do?lang=EN&company_search=MCAN Mortgage Corp&document_selection=0&industry_group=A&FromDate=13&FromMonth=05&FromYear=2000&ToDate=13&ToMonth=11&ToYear=2020&Variable=Issuer,https://www.sedar.com/ModifyCompanyDocumentSearchForm.do?lang=EN&company_search=MCAN Mortgage Corp&document_selection=0&industry_group=A&FromDate=13&FromMonth=05&FromYear=2000&ToDate=13&ToMonth=11&ToYear=2020&Variable=Issuer
0,2012-06-30,MKP.TO,2012-06-30,2012-06-30,Q2,21504000,12510000,8994000.0,0.41824776785714285,0.0,2351000.0,0.0,0.0,0.0,14861000,7260000.0,0.0,13932000,0.6478794642857143,6643000.0,0.3089192708333333,3789000.0,6643000.0,0.3089192708333333,323000.0,6320000.0,0.29389880952380953,0.364414,0.364414,17221012,17221012,https://www.sedar.com/ModifyCompanyDocumentSearchForm.do?lang=EN&company_search=MCAN Mortgage Corp&document_selection=0&industry_group=A&FromDate=13&FromMonth=05&FromYear=2000&ToDate=13&ToMonth=11&ToYear=2020&Variable=Issuer,https://www.sedar.com/ModifyCompanyDocumentSearchForm.do?lang=EN&company_search=MCAN Mortgage Corp&document_selection=0&industry_group=A&FromDate=13&FromMonth=05&FromYear=2000&ToDate=13&ToMonth=11&ToYear=2020&Variable=Issuer
0,2012-03-31,MKP.TO,2012-03-31,2012-03-31,Q1,17304000,13900000,3404000.0,0.1967175219602404,0.0,2141000.0,0.0,0.0,0.0,16041000,3981000.0,0.0,5271000.0,0.30461165048543687,1263000.0,0.0729889042995839,591000.0,1263000.0,0.0729889042995839,-3104000.0,4367000.0,0.25236939435968564,0.256074,0.256074,17140801,17140801,https://www.sedar.com/ModifyCompanyDocumentSearchForm.do?lang=EN&company_search=MCAN Mortgage Corp&document_selection=0&industry_group=A&FromDate=13&FromMonth=05&FromYear=2000&ToDate=13&ToMonth=11&ToYear=2020&Variable=Issuer,https://www.sedar.com/ModifyCompanyDocumentSearchForm.do?lang=EN&company_search=MCAN Mortgage Corp&document_selection=0&industry_group=A&FromDate=13&FromMonth=05&FromYear=2000&ToDate=13&ToMonth=11&ToYear=2020&Variable=Issuer
0,2011-12-31,MKP.TO,2011-12-31,2011-12-31,Q4,42049000,35051000,6998000.0,0.1664248852529192,0.0,1769000.0,0.0,0.0,0.0,36820000,-18972000,0.0,0.0,0.0,5229000.0,0.12435491926086233,0.0,5229000.0,0.12435491926086233,6000.0,5223000.0,0.124212228590454,0.2121273657704492,0.2121273657704492,24622000,24622000,https://www.sedar.com/ModifyCompanyDocumentSearchForm.do?lang=EN&company_search=MCAN Mortgage Corp&document_selection=0&industry_group=A&FromDate=13&FromMonth=05&FromYear=2000&ToDate=13&ToMonth=11&ToYear=2020&Variable=Issuer,https://www.sedar.com/ModifyCompanyDocumentSearchForm.do?lang=EN&company_search=MCAN Mortgage Corp&document_selection=0&industry_group=A&FromDate=13&FromMonth=05&FromYear=2000&ToDate=13&ToMonth=11&ToYear=2020&Variable=Issuer
0,2011-09-30,MKP.TO,2011-09-30,2011-09-30,Q3,15588000,4148000.0,11440000,0.7338978701565306,0.0,1626000.0,0.0,0.0,0.0,5774000.0,10706000,0.0,20520000,1.3163972286374135,9814000.0,0.6295868616884783,5271000.0,9814000.0,0.6295868616884783,2228000.0,7586000.0,0.48665640236079033,0.443206,0.443206,17104249,17104249,https://www.sedar.com/ModifyCompanyDocumentSearchForm.do?lang=EN&company_search=MCAN Mortgage Corp&document_selection=0&industry_group=A&FromDate=13&FromMonth=05&FromYear=2000&ToDate=13&ToMonth=11&ToYear=2020&Variable=Issuer,https://www.sedar.com/ModifyCompanyDocumentSearchForm.do?lang=EN&company_search=MCAN Mortgage Corp&document_selection=0&industry_group=A&FromDate=13&FromMonth=05&FromYear=2000&ToDate=13&ToMonth=11&ToYear=2020&Variable=Issuer
0,2011-06-30,MKP.TO,2011-06-30,2011-06-30,Q2,21535000,11804000,9731000.0,0.45186905038309727,0.0,1793000.0,0.0,0.0,0.0,13597000,0.0,0.0,7938000.0,0.3686092407708382,7938000.0,0.3686092407708382,4834000.0,7938000.0,0.3686092407708382,733000.0,7205000.0,0.3345716275830044,0.433357,0.433357,16638212,16638212,https://www.sedar.com/ModifyCompanyDocumentSearchForm.do?lang=EN&company_search=MCAN Mortgage Corp&document_selection=0&industry_group=A&FromDate=13&FromMonth=05&FromYear=2000&ToDate=13&ToMonth=11&ToYear=2020&Variable=Issuer,https://www.sedar.com/ModifyCompanyDocumentSearchForm.do?lang=EN&company_search=MCAN Mortgage Corp&document_selection=0&industry_group=A&FromDate=13&FromMonth=05&FromYear=2000&ToDate=13&ToMonth=11&ToYear=2020&Variable=Issuer
0,2011-03-31,MKP.TO,2011-03-31,2011-03-31,Q1,14937000,11398000,3539000.0,0.23692843275088707,0.0,1672000.0,0.0,0.0,0.0,13070000,0.0,0.0,1867000.0,0.12499163151904666,1867000.0,0.12499163151904666,-86000.0,1867000.0,0.12499163151904666,-5222000.0,7089000.0,0.4745932918256678,0.482602,0.482602,14682687,14682687,https://www.sedar.com/ModifyCompanyDocumentSearchForm.do?lang=EN&company_search=MCAN Mortgage Corp&document_selection=0&industry_group=A&FromDate=13&FromMonth=05&FromYear=2000&ToDate=13&ToMonth=11&ToYear=2020&Variable=Issuer,https://www.sedar.com/ModifyCompanyDocumentSearchForm.do?lang=EN&company_search=MCAN Mortgage Corp&document_selection=0&industry_group=A&FromDate=13&FromMonth=05&FromYear=2000&ToDate=13&ToMonth=11&ToYear=2020&Variable=Issuer
0,2010-12-31,MKP.TO,2010-12-31,2010-12-31,Q4,11164000,3062000.0,8102000.0,0.7257255463991401,0.0,2016000.0,0.0,0.0,0.0,5078000.0,2134000.0,0.0,8220000.0,0.7362952346829094,6086000.0,0.5451451092798281,1779000.0,6086000.0,0.5451451092798281,0.0,6086000.0,0.5451451092798281,0.24717732109495574,0.24717732109495574,24622000,24622000,https://www.sedar.com/ModifyCompanyDocumentSearchForm.do?lang=EN&company_search=MCAN Mortgage Corp&document_selection=0&industry_group=A&FromDate=13&FromMonth=05&FromYear=2000&ToDate=13&ToMonth=11&ToYear=2020&Variable=Issuer,https://www.sedar.com/ModifyCompanyDocumentSearchForm.do?lang=EN&company_search=MCAN Mortgage Corp&document_selection=0&industry_group=A&FromDate=13&FromMonth=05&FromYear=2000&ToDate=13&ToMonth=11&ToYear=2020&Variable=Issuer
0,2010-09-30,MKP.TO,2010-09-30,2010-09-30,Q3,11925000,1551000.0,10374000,0.869937106918239,0.0,1534000.0,0.0,0.0,0.0,3085000.0,1819000.0,0.0,11366000,0.9531236897274633,8840000.0,0.7412997903563942,1693000.0,8840000.0,0.7412997903563942,0.0,8840000.0,0.7412997903563942,0.60079,0.60079,14626843,14626843,https://www.sedar.com/ModifyCompanyDocumentSearchForm.do?lang=EN&company_search=MCAN Mortgage Corp&document_selection=0&industry_group=A&FromDate=13&FromMonth=05&FromYear=2000&ToDate=13&ToMonth=11&ToYear=2020&Variable=Issuer,https://www.sedar.com/ModifyCompanyDocumentSearchForm.do?lang=EN&company_search=MCAN Mortgage Corp&document_selection=0&industry_group=A&FromDate=13&FromMonth=05&FromYear=2000&ToDate=13&ToMonth=11&ToYear=2020&Variable=Issuer
0,2010-06-30,MKP.TO,2010-06-30,2010-06-30,Q2,9897000.0,2783000.0,7114000.0,0.7188036778821866,0.0,1473000.0,0.0,0.0,0.0,4256000.0,2475000.0,0.0,8360000.0,0.8447004142669495,5641000.0,0.5699706981913711,2475000.0,5641000.0,0.5699706981913711,0.0,5641000.0,0.5699706981913711,0.393961,0.393961,14584200,14584200,https://www.sedar.com/ModifyCompanyDocumentSearchForm.do?lang=EN&company_search=MCAN Mortgage Corp&document_selection=0&industry_group=A&FromDate=13&FromMonth=05&FromYear=2000&ToDate=13&ToMonth=11&ToYear=2020&Variable=Issuer,https://www.sedar.com/ModifyCompanyDocumentSearchForm.do?lang=EN&company_search=MCAN Mortgage Corp&document_selection=0&industry_group=A&FromDate=13&FromMonth=05&FromYear=2000&ToDate=13&ToMonth=11&ToYear=2020&Variable=Issuer
0,2010-03-31,MKP.TO,2010-03-31,2010-03-31,Q1,8863000.0,2757000.0,6106000.0,0.6889315130317049,0.0,1308000.0,0.0,0.0,0.0,4065000.0,2511000.0,0.0,7481000.0,0.8440708563691752,4798000.0,0.5413516867877693,-4023000.0,4798000.0,0.5413516867877693,0.0,4798000.0,0.5413516867877693,0.325017,0.325017,14555770,14555770,https://www.sedar.com/ModifyCompanyDocumentSearchForm.do?lang=EN&company_search=MCAN Mortgage Corp&document_selection=0&industry_group=A&FromDate=13&FromMonth=05&FromYear=2000&ToDate=13&ToMonth=11&ToYear=2020&Variable=Issuer,https://www.sedar.com/ModifyCompanyDocumentSearchForm.do?lang=EN&company_search=MCAN Mortgage Corp&document_selection=0&industry_group=A&FromDate=13&FromMonth=05&FromYear=2000&ToDate=13&ToMonth=11&ToYear=2020&Variable=Issuer
0,2009-12-31,MKP.TO,2009-12-31,2009-12-31,Q4,12574000,4518000.0,8056000.0,0.6406871321775092,0.0,1952000.0,0.0,0.0,0.0,6470000.0,2525000.0,0.0,8629000.0,0.6862573564498171,6104000.0,0.48544615874025765,1615000.0,6104000.0,0.48544615874025765,0.0,6104000.0,0.48544615874025765,0.24790837462431972,0.24790837462431972,24622000,24622000,https://www.sedar.com/ModifyCompanyDocumentSearchForm.do?lang=EN&company_search=MCAN Mortgage Corp&document_selection=0&industry_group=A&FromDate=13&FromMonth=05&FromYear=2000&ToDate=13&ToMonth=11&ToYear=2020&Variable=Issuer,https://www.sedar.com/ModifyCompanyDocumentSearchForm.do?lang=EN&company_search=MCAN Mortgage Corp&document_selection=0&industry_group=A&FromDate=13&FromMonth=05&FromYear=2000&ToDate=13&ToMonth=11&ToYear=2020&Variable=Issuer
0,2009-09-30,MKP.TO,2009-09-30,2009-09-30,Q3,11693000,3686000.0,8007000.0,0.6847686650132558,0.0,1410000.0,0.0,0.0,0.0,5096000.0,2912000.0,0.0,9852000.0,0.8425553750106901,6597000.0,0.5641836996493629,2176000.0,6597000.0,0.5641836996493629,0.0,6597000.0,0.5641836996493629,0.453055,0.453055,14527341,14527341,https://www.sedar.com/ModifyCompanyDocumentSearchForm.do?lang=EN&company_search=MCAN Mortgage Corp&document_selection=0&industry_group=A&FromDate=13&FromMonth=05&FromYear=2000&ToDate=13&ToMonth=11&ToYear=2020&Variable=Issuer,https://www.sedar.com/ModifyCompanyDocumentSearchForm.do?lang=EN&company_search=MCAN Mortgage Corp&document_selection=0&industry_group=A&FromDate=13&FromMonth=05&FromYear=2000&ToDate=13&ToMonth=11&ToYear=2020&Variable=Issuer
0,2009-06-30,MKP.TO,2009-06-30,2009-06-30,Q2,11489000,4614000.0,6875000.0,0.5983984680999217,0.0,1268000.0,0.0,0.0,0.0,5882000.0,4431000.0,0.0,10038000,0.8737052833144747,5607000.0,0.48803203063800155,77000.0,5607000.0,0.48803203063800155,0.0,5607000.0,0.48803203063800155,0.384112,0.384112,14515157,14515157,https://www.sedar.com/ModifyCompanyDocumentSearchForm.do?lang=EN&company_search=MCAN Mortgage Corp&document_selection=0&industry_group=A&FromDate=13&FromMonth=05&FromYear=2000&ToDate=13&ToMonth=11&ToYear=2020&Variable=Issuer,https://www.sedar.com/ModifyCompanyDocumentSearchForm.do?lang=EN&company_search=MCAN Mortgage Corp&document_selection=0&industry_group=A&FromDate=13&FromMonth=05&FromYear=2000&ToDate=13&ToMonth=11&ToYear=2020&Variable=Issuer
0,2009-03-31,MKP.TO,2009-03-31,2009-03-31,Q1,12814000,0.0,12814000,1.0,0.0,1269000.0,0.0,0.0,0.0,1269000.0,5111000.0,0.0,12213000,0.9530981738723271,11545000,0.5021070703917591,150000.0,6434000.0,0.5021070703917591,0.0,6434000.0,0.5021070703917591,0.443206,0.443206,14465406,14465406,https://www.sedar.com/ModifyCompanyDocumentSearchForm.do?lang=EN&company_search=MCAN Mortgage Corp&document_selection=0&industry_group=A&FromDate=13&FromMonth=05&FromYear=2000&ToDate=13&ToMonth=11&ToYear=2020&Variable=Issuer,https://www.sedar.com/ModifyCompanyDocumentSearchForm.do?lang=EN&company_search=MCAN Mortgage Corp&document_selection=0&industry_group=A&FromDate=13&FromMonth=05&FromYear=2000&ToDate=13&ToMonth=11&ToYear=2020&Variable=Issuer
0,2008-12-31,MKP.TO,2008-12-31,2008-12-31,Q4,17146000,25139000,11471000,0.6690190131809168,0.0,1551000.0,0.0,0.0,0.0,26690000,4744000.0,0.0,14747000,0.8600839846028229,-9544000.0,0.5785605972238423,54404000,9920000.0,0.5785605972238423,0.0,9920000.0,0.5785605972238423,0.4028917228494842,0.4028917228494842,24622000,24622000,https://www.sedar.com/ModifyCompanyDocumentSearchForm.do?lang=EN&company_search=MCAN Mortgage Corp&document_selection=0&industry_group=A&FromDate=13&FromMonth=05&FromYear=2000&ToDate=13&ToMonth=11&ToYear=2020&Variable=Issuer,https://www.sedar.com/ModifyCompanyDocumentSearchForm.do?lang=EN&company_search=MCAN Mortgage Corp&document_selection=0&industry_group=A&FromDate=13&FromMonth=05&FromYear=2000&ToDate=13&ToMonth=11&ToYear=2020&Variable=Issuer
0,2008-09-30,MKP.TO,2008-09-30,2008-09-30,Q3,19222000,0.0,12485000,0.6495161793777963,0.0,2088000.0,0.0,0.0,0.0,2088000.0,6737000.0,0.0,17421000,0.9063052752054938,17134000,0.5408906461346374,1229000.0,10397000,0.5408906461346374,0.0,10397000,0.5408906461346374,0.718978,0.718978,14424793,14424793,https://www.sedar.com/ModifyCompanyDocumentSearchForm.do?lang=EN&company_search=MCAN Mortgage Corp&document_selection=0&industry_group=A&FromDate=13&FromMonth=05&FromYear=2000&ToDate=13&ToMonth=11&ToYear=2020&Variable=Issuer,https://www.sedar.com/ModifyCompanyDocumentSearchForm.do?lang=EN&company_search=MCAN Mortgage Corp&document_selection=0&industry_group=A&FromDate=13&FromMonth=05&FromYear=2000&ToDate=13&ToMonth=11&ToYear=2020&Variable=Issuer
0,2008-06-30,MKP.TO,2008-06-30,2008-06-30,Q2,11895000,0.0,6062000.0,0.5096258932324506,0.0,1173000.0,0.0,0.0,0.0,1173000.0,5833000.0,0.0,10974000,0.9225725094577554,10722000,0.4110130306851618,707000.0,4889000.0,0.4110130306851618,0.0,4889000.0,0.4110130306851618,0.344716,0.344716,14406517,14406517,https://www.sedar.com/ModifyCompanyDocumentSearchForm.do?lang=EN&company_search=MCAN Mortgage Corp&document_selection=0&industry_group=A&FromDate=13&FromMonth=05&FromYear=2000&ToDate=13&ToMonth=11&ToYear=2020&Variable=Issuer,https://www.sedar.com/ModifyCompanyDocumentSearchForm.do?lang=EN&company_search=MCAN Mortgage Corp&document_selection=0&industry_group=A&FromDate=13&FromMonth=05&FromYear=2000&ToDate=13&ToMonth=11&ToYear=2020&Variable=Issuer
0,2008-03-31,MKP.TO,2008-03-31,2008-03-31,Q1,12958000,0.0,6064000.0,0.46797345269331686,0.0,922000.0,0.0,0.0,0.0,922000.0,6894000.0,0.0,12241000,0.9446673869424294,12036000,0.3968204969902763,297000.0,5142000.0,0.3968204969902763,0.0,5142000.0,0.3968204969902763,0.354565,0.354565,14364888,14364888,https://www.sedar.com/ModifyCompanyDocumentSearchForm.do?lang=EN&company_search=MCAN Mortgage Corp&document_selection=0&industry_group=A&FromDate=13&FromMonth=05&FromYear=2000&ToDate=13&ToMonth=11&ToYear=2020&Variable=Issuer,https://www.sedar.com/ModifyCompanyDocumentSearchForm.do?lang=EN&company_search=MCAN Mortgage Corp&document_selection=0&industry_group=A&FromDate=13&FromMonth=05&FromYear=2000&ToDate=13&ToMonth=11&ToYear=2020&Variable=Issuer
0,2007-12-31,MKP.TO,2007-12-31,2007-12-31,Q4,10594000,0.0,0.0,0.0,0.0,864000.0,0.0,0.0,0.0,8393000.0,0.0,0.0,2570000.0,0.2425901453653011,2201000.0,0.3001699074948084,0.0,3180000.0,0.3001699074948084,0.0,3180000.0,0.3001699074948084,0.12915279018763706,0.12915279018763706,24622000,24622000,https://www.sedar.com/ModifyCompanyDocumentSearchForm.do?lang=EN&company_search=MCAN Mortgage Corp&document_selection=0&industry_group=A&FromDate=13&FromMonth=05&FromYear=2000&ToDate=13&ToMonth=11&ToYear=2020&Variable=Issuer,https://www.sedar.com/ModifyCompanyDocumentSearchForm.do?lang=EN&company_search=MCAN Mortgage Corp&document_selection=0&industry_group=A&FromDate=13&FromMonth=05&FromYear=2000&ToDate=13&ToMonth=11&ToYear=2020&Variable=Issuer
0,2007-09-30,MKP.TO,2007-09-30,2007-09-30,Q3,10861000,0.0,0.0,0.0,0.0,425000.0,0.0,0.0,0.0,-1463000.0,0.0,0.0,12468000,1.1479605929472425,12324000,0.283859681428966,0.0,3083000.0,0.283859681428966,0.0,3083000.0,0.283859681428966,0.206829,0.206829,14218681,14218681,https://www.sedar.com/ModifyCompanyDocumentSearchForm.do?lang=EN&company_search=MCAN Mortgage Corp&document_selection=0&industry_group=A&FromDate=13&FromMonth=05&FromYear=2000&ToDate=13&ToMonth=11&ToYear=2020&Variable=Issuer,https://www.sedar.com/ModifyCompanyDocumentSearchForm.do?lang=EN&company_search=MCAN Mortgage Corp&document_selection=0&industry_group=A&FromDate=13&FromMonth=05&FromYear=2000&ToDate=13&ToMonth=11&ToYear=2020&Variable=Issuer
0,2007-06-30,MKP.TO,2007-06-30,2007-06-30,Q2,10309000,0.0,0.0,0.0,0.0,955000.0,0.0,0.0,0.0,0.0,0.0,0.0,10576000,1.025899699291881,10309000,0.4059559608109419,0.0,4185000.0,0.4059559608109419,-2000.0,4187000.0,0.4061499660490833,0.334866,0.334866,12671318,12671318,https://www.sedar.com/ModifyCompanyDocumentSearchForm.do?lang=EN&company_search=MCAN Mortgage Corp&document_selection=0&industry_group=A&FromDate=13&FromMonth=05&FromYear=2000&ToDate=13&ToMonth=11&ToYear=2020&Variable=Issuer,https://www.sedar.com/ModifyCompanyDocumentSearchForm.do?lang=EN&company_search=MCAN Mortgage Corp&document_selection=0&industry_group=A&FromDate=13&FromMonth=05&FromYear=2000&ToDate=13&ToMonth=11&ToYear=2020&Variable=Issuer
0,2007-03-31,MKP.TO,2007-03-31,2007-03-31,Q1,10374000,0.0,0.0,0.0,0.0,1075000.0,0.0,0.0,0.0,470000.0,0.0,0.0,0.0,0.0,9904000.0,0.4211490264121843,0.0,4369000.0,0.4211490264121843,-24000.0,4393000.0,0.4234625024098708,0.344716,0.305319,12609383,12609383,https://www.sedar.com/ModifyCompanyDocumentSearchForm.do?lang=EN&company_search=MCAN Mortgage Corp&document_selection=0&industry_group=A&FromDate=13&FromMonth=05&FromYear=2000&ToDate=13&ToMonth=11&ToYear=2020&Variable=Issuer,https://www.sedar.com/ModifyCompanyDocumentSearchForm.do?lang=EN&company_search=MCAN Mortgage Corp&document_selection=0&industry_group=A&FromDate=13&FromMonth=05&FromYear=2000&ToDate=13&ToMonth=11&ToYear=2020&Variable=Issuer
0,2006-12-31,MKP.TO,2006-12-31,2006-12-31,Q4,11968000,0.0,0.0,0.0,0.0,763000.0,0.0,0.0,0.0,7513000.0,0.0,0.0,4655000.0,0.3889538770053476,4455000.0,0.4304812834224599,0.0,5152000.0,0.4304812834224599,-54000.0,5206000.0,0.4349933155080214,0.21143692632604988,0.21143692632604988,24622000,24622000,https://www.sedar.com/ModifyCompanyDocumentSearchForm.do?lang=EN&company_search=MCAN Mortgage Corp&document_selection=0&industry_group=A&FromDate=13&FromMonth=05&FromYear=2000&ToDate=13&ToMonth=11&ToYear=2020&Variable=Issuer,https://www.sedar.com/ModifyCompanyDocumentSearchForm.do?lang=EN&company_search=MCAN Mortgage Corp&document_selection=0&industry_group=A&FromDate=13&FromMonth=05&FromYear=2000&ToDate=13&ToMonth=11&ToYear=2020&Variable=Issuer
0,2006-09-30,MKP.TO,2006-09-30,2006-09-30,Q3,9456000.0,0.0,0.0,0.0,0.0,412000.0,0.0,0.0,0.0,-1274000.0,0.0,0.0,10926000,1.1554568527918783,10730000,0.36527072758037227,0.0,3454000.0,0.36527072758037227,-18000.0,3472000.0,0.36717428087986465,0.285621,0.285621,12524095,12524095,https://www.sedar.com/ModifyCompanyDocumentSearchForm.do?lang=EN&company_search=MCAN Mortgage Corp&document_selection=0&industry_group=A&FromDate=13&FromMonth=05&FromYear=2000&ToDate=13&ToMonth=11&ToYear=2020&Variable=Issuer,https://www.sedar.com/ModifyCompanyDocumentSearchForm.do?lang=EN&company_search=MCAN Mortgage Corp&document_selection=0&industry_group=A&FromDate=13&FromMonth=05&FromYear=2000&ToDate=13&ToMonth=11&ToYear=2020&Variable=Issuer
0,2006-06-30,MKP.TO,2006-06-30,2006-06-30,Q2,8279000.0,0.0,0.0,0.0,0.0,470000.0,0.0,0.0,0.0,-1043000.0,0.0,0.0,9498000.0,1.1472400048315015,9322000.0,0.4130933687643435,0.0,3420000.0,0.4130933687643435,-37000.0,3457000.0,0.4175625075492209,0.275772,0.275772,12485513,12485513,https://www.sedar.com/ModifyCompanyDocumentSearchForm.do?lang=EN&company_search=MCAN Mortgage Corp&document_selection=0&industry_group=A&FromDate=13&FromMonth=05&FromYear=2000&ToDate=13&ToMonth=11&ToYear=2020&Variable=Issuer,https://www.sedar.com/ModifyCompanyDocumentSearchForm.do?lang=EN&company_search=MCAN Mortgage Corp&document_selection=0&industry_group=A&FromDate=13&FromMonth=05&FromYear=2000&ToDate=13&ToMonth=11&ToYear=2020&Variable=Issuer
0,2006-03-31,MKP.TO,2006-03-31,2006-03-31,Q1,7893000.0,0.0,0.0,0.0,0.0,893000.0,0.0,0.0,0.0,0.0,0.0,0.0,8076000.0,1.0231851007221588,7893000.0,0.39123273786899787,0.0,3088000.0,0.39123273786899787,13000.0,3075000.0,0.3895857088559483,0.246225,0.246225,12369765,12369765,https://www.sedar.com/ModifyCompanyDocumentSearchForm.do?lang=EN&company_search=MCAN Mortgage Corp&document_selection=0&industry_group=A&FromDate=13&FromMonth=05&FromYear=2000&ToDate=13&ToMonth=11&ToYear=2020&Variable=Issuer,https://www.sedar.com/ModifyCompanyDocumentSearchForm.do?lang=EN&company_search=MCAN Mortgage Corp&document_selection=0&industry_group=A&FromDate=13&FromMonth=05&FromYear=2000&ToDate=13&ToMonth=11&ToYear=2020&Variable=Issuer
0,2005-12-31,MKP.TO,2005-12-31,2005-12-31,Q4,10052000,0.0,0.0,0.0,0.0,1075000.0,0.0,0.0,0.0,6441000.0,0.0,0.0,3759000.0,0.37395543175487467,3611000.0,0.5050736171906088,0.0,5077000.0,0.5050736171906088,409000.0,4668000.0,0.4643851969757262,0.1895865486150597,0.1895865486150597,24622000,24622000,https://www.sedar.com/ModifyCompanyDocumentSearchForm.do?lang=EN&company_search=MCAN Mortgage Corp&document_selection=0&industry_group=A&FromDate=13&FromMonth=05&FromYear=2000&ToDate=13&ToMonth=11&ToYear=2020&Variable=Issuer,https://www.sedar.com/ModifyCompanyDocumentSearchForm.do?lang=EN&company_search=MCAN Mortgage Corp&document_selection=0&industry_group=A&FromDate=13&FromMonth=05&FromYear=2000&ToDate=13&ToMonth=11&ToYear=2020&Variable=Issuer
0,2005-09-30,MKP.TO,2005-09-30,2005-09-30,Q3,7716000.0,0.0,0.0,0.0,0.0,673000.0,0.0,0.0,0.0,-1015000.0,0.0,0.0,0.0,0.0,8731000.0,0.4069466044582685,0.0,3140000.0,0.4069466044582685,488000.0,2652000.0,0.343701399688958,0.216678,0.216678,12096641,12096641,https://www.sedar.com/ModifyCompanyDocumentSearchForm.do?lang=EN&company_search=MCAN Mortgage Corp&document_selection=0&industry_group=A&FromDate=13&FromMonth=05&FromYear=2000&ToDate=13&ToMonth=11&ToYear=2020&Variable=Issuer,https://www.sedar.com/ModifyCompanyDocumentSearchForm.do?lang=EN&company_search=MCAN Mortgage Corp&document_selection=0&industry_group=A&FromDate=13&FromMonth=05&FromYear=2000&ToDate=13&ToMonth=11&ToYear=2020&Variable=Issuer
0,2005-06-30,MKP.TO,2005-06-30,2005-06-30,Q2,7368000.0,0.0,0.0,0.0,0.0,790000.0,0.0,0.0,0.0,-884000.0,0.0,0.0,8444000.0,1.1460369163952226,8252000.0,0.38735070575461455,0.0,2854000.0,0.38735070575461455,143000.0,2711000.0,0.36794245385450597,0.226527,0.226527,12016430,12016430,https://www.sedar.com/ModifyCompanyDocumentSearchForm.do?lang=EN&company_search=MCAN Mortgage Corp&document_selection=0&industry_group=A&FromDate=13&FromMonth=05&FromYear=2000&ToDate=13&ToMonth=11&ToYear=2020&Variable=Issuer,https://www.sedar.com/ModifyCompanyDocumentSearchForm.do?lang=EN&company_search=MCAN Mortgage Corp&document_selection=0&industry_group=A&FromDate=13&FromMonth=05&FromYear=2000&ToDate=13&ToMonth=11&ToYear=2020&Variable=Issuer
0,2005-03-31,MKP.TO,2005-03-31,2005-03-31,Q1,7654000.0,0.0,0.0,0.0,0.0,794000.0,0.0,0.0,0.0,-63000.0,0.0,0.0,7903000.0,1.0325320094068462,7717000.0,0.3995296576953227,0.0,3058000.0,0.3995296576953227,-1027000.0,4085000.0,0.5337078651685393,0.344716,0.344716,11957541,11957541,https://www.sedar.com/ModifyCompanyDocumentSearchForm.do?lang=EN&company_search=MCAN Mortgage Corp&document_selection=0&industry_group=A&FromDate=13&FromMonth=05&FromYear=2000&ToDate=13&ToMonth=11&ToYear=2020&Variable=Issuer,https://www.sedar.com/ModifyCompanyDocumentSearchForm.do?lang=EN&company_search=MCAN Mortgage Corp&document_selection=0&industry_group=A&FromDate=13&FromMonth=05&FromYear=2000&ToDate=13&ToMonth=11&ToYear=2020&Variable=Issuer
0,2004-12-31,MKP.TO,2004-12-31,2004-12-31,Q4,7142000.0,0.0,0.0,0.0,0.0,1163000.0,0.0,0.0,0.0,12799000,0.0,0.0,-4030000.0,-0.564267712125455,-5657000.0,0.330999719966396,0.0,2364000.0,0.330999719966396,-338000.0,2702000.0,0.37832539904788576,0.10973925757452685,0.10973925757452685,24622000,24622000,https://www.sedar.com/ModifyCompanyDocumentSearchForm.do?lang=EN&company_search=MCAN Mortgage Corp&document_selection=0&industry_group=A&FromDate=13&FromMonth=05&FromYear=2000&ToDate=13&ToMonth=11&ToYear=2020&Variable=Issuer,https://www.sedar.com/ModifyCompanyDocumentSearchForm.do?lang=EN&company_search=MCAN Mortgage Corp&document_selection=0&industry_group=A&FromDate=13&FromMonth=05&FromYear=2000&ToDate=13&ToMonth=11&ToYear=2020&Variable=Issuer
0,2004-09-30,MKP.TO,2004-09-30,2004-09-30,Q3,6310000.0,0.0,0.0,0.0,0.0,1152000.0,0.0,0.0,0.0,-692000.0,0.0,0.0,0.0,0.0,7002000.0,0.3288431061806656,0.0,2075000.0,0.3288431061806656,10000.0,2065000.0,0.3272583201267829,0.206829,0.206829,9989831.0,10173606,https://www.sedar.com/ModifyCompanyDocumentSearchForm.do?lang=EN&company_search=MCAN Mortgage Corp&document_selection=0&industry_group=A&FromDate=13&FromMonth=05&FromYear=2000&ToDate=13&ToMonth=11&ToYear=2020&Variable=Issuer,https://www.sedar.com/ModifyCompanyDocumentSearchForm.do?lang=EN&company_search=MCAN Mortgage Corp&document_selection=0&industry_group=A&FromDate=13&FromMonth=05&FromYear=2000&ToDate=13&ToMonth=11&ToYear=2020&Variable=Issuer
0,2004-06-30,MKP.TO,2004-06-30,2004-06-30,Q2,10299000,0.0,0.0,0.0,0.0,2019000.0,0.0,0.0,0.0,-970000.0,0.0,0.0,11587000,1.1250606855034468,11269000,0.5225750072822604,0.0,5382000.0,0.5225750072822604,1094000.0,4288000.0,0.4163511020487426,0.433357,0.413659,9960387.0,10387841,https://www.sedar.com/ModifyCompanyDocumentSearchForm.do?lang=EN&company_search=MCAN Mortgage Corp&document_selection=0&industry_group=A&FromDate=13&FromMonth=05&FromYear=2000&ToDate=13&ToMonth=11&ToYear=2020&Variable=Issuer,https://www.sedar.com/ModifyCompanyDocumentSearchForm.do?lang=EN&company_search=MCAN Mortgage Corp&document_selection=0&industry_group=A&FromDate=13&FromMonth=05&FromYear=2000&ToDate=13&ToMonth=11&ToYear=2020&Variable=Issuer
0,2004-03-31,MKP.TO,2004-03-31,2004-03-31,Q1,10814000,0.0,0.0,0.0,0.0,4469000.0,0.0,0.0,0.0,-1512000.0,0.0,0.0,13268000,1.2269280562234142,12326000,0.23793230996855927,0.0,2573000.0,0.23793230996855927,27000.0,2546000.0,0.23543554651377843,0.256074,0.246225,9917743.0,10377687,https://www.sedar.com/ModifyCompanyDocumentSearchForm.do?lang=EN&company_search=MCAN Mortgage Corp&document_selection=0&industry_group=A&FromDate=13&FromMonth=05&FromYear=2000&ToDate=13&ToMonth=11&ToYear=2020&Variable=Issuer,https://www.sedar.com/ModifyCompanyDocumentSearchForm.do?lang=EN&company_search=MCAN Mortgage Corp&document_selection=0&industry_group=A&FromDate=13&FromMonth=05&FromYear=2000&ToDate=13&ToMonth=11&ToYear=2020&Variable=Issuer
0,2003-12-31,MKP.TO,2003-12-31,2003-12-31,Q4,-1424000.0,0.0,0.0,0.0,0.0,4376000.0,0.0,0.0,0.0,26191000,0.0,0.0,-26832000,18.84269662921348,-27615000,-1.6474719101123596,0.0,2346000.0,-1.6474719101123596,47000.0,2299000.0,-1.6144662921348314,0.09337178133376656,0.09337178133376656,24622000,24622000,https://www.sedar.com/ModifyCompanyDocumentSearchForm.do?lang=EN&company_search=MCAN Mortgage Corp&document_selection=0&industry_group=A&FromDate=13&FromMonth=05&FromYear=2000&ToDate=13&ToMonth=11&ToYear=2020&Variable=Issuer,https://www.sedar.com/ModifyCompanyDocumentSearchForm.do?lang=EN&company_search=MCAN Mortgage Corp&document_selection=0&industry_group=A&FromDate=13&FromMonth=05&FromYear=2000&ToDate=13&ToMonth=11&ToYear=2020&Variable=Issuer
0,2003-09-30,MKP.TO,2003-09-30,2003-09-30,Q3,10295000,0.0,0.0,0.0,0.0,4275000.0,0.0,0.0,0.0,-1603000.0,0.0,0.0,12507000,1.2148615832928606,11898000,0.1857212238950947,0.0,1912000.0,0.1857212238950947,-48000.0,1960000.0,0.19038368139873726,0.19698,0.19698,9841593.0,10018261,https://www.sedar.com/ModifyCompanyDocumentSearchForm.do?lang=EN&company_search=MCAN Mortgage Corp&document_selection=0&industry_group=A&FromDate=13&FromMonth=05&FromYear=2000&ToDate=13&ToMonth=11&ToYear=2020&Variable=Issuer,https://www.sedar.com/ModifyCompanyDocumentSearchForm.do?lang=EN&company_search=MCAN Mortgage Corp&document_selection=0&industry_group=A&FromDate=13&FromMonth=05&FromYear=2000&ToDate=13&ToMonth=11&ToYear=2020&Variable=Issuer
0,2003-06-30,MKP.TO,2003-06-30,2003-06-30,Q2,10224000,0.0,0.0,0.0,0.0,4166000.0,0.0,0.0,0.0,-1037000.0,0.0,0.0,0.0,0.0,11261000,0.2038341158059468,0.0,2084000.0,0.2038341158059468,99000.0,1985000.0,0.1941510172143975,0.19698,0.19698,9826363.0,9969525.0,https://www.sedar.com/ModifyCompanyDocumentSearchForm.do?lang=EN&company_search=MCAN Mortgage Corp&document_selection=0&industry_group=A&FromDate=13&FromMonth=05&FromYear=2000&ToDate=13&ToMonth=11&ToYear=2020&Variable=Issuer,https://www.sedar.com/ModifyCompanyDocumentSearchForm.do?lang=EN&company_search=MCAN Mortgage Corp&document_selection=0&industry_group=A&FromDate=13&FromMonth=05&FromYear=2000&ToDate=13&ToMonth=11&ToYear=2020&Variable=Issuer
0,2003-03-31,MKP.TO,2003-03-31,2003-03-31,Q1,10546000,0.0,0.0,0.0,0.0,4255000.0,0.0,0.0,0.0,-1833000.0,0.0,0.0,0.0,0.0,12379000,0.19448131993172768,0.0,2051000.0,0.19448131993172768,48000.0,2003000.0,0.1899298312156268,0.206829,0.19698,9792857.0,10078165,https://www.sedar.com/ModifyCompanyDocumentSearchForm.do?lang=EN&company_search=MCAN Mortgage Corp&document_selection=0&industry_group=A&FromDate=13&FromMonth=05&FromYear=2000&ToDate=13&ToMonth=11&ToYear=2020&Variable=Issuer,https://www.sedar.com/ModifyCompanyDocumentSearchForm.do?lang=EN&company_search=MCAN Mortgage Corp&document_selection=0&industry_group=A&FromDate=13&FromMonth=05&FromYear=2000&ToDate=13&ToMonth=11&ToYear=2020&Variable=Issuer
0,2002-12-31,MKP.TO,2002-12-31,2002-12-31,Q4,13411000,0.0,0.0,0.0,0.0,7182000.0,0.0,0.0,0.0,-739000.0,0.0,0.0,15364000,1.1456267243307732,14150000,0.14570128998583254,0.0,1954000.0,0.14570128998583254,-25000.0,1979000.0,0.1475654313623145,0.0803752741450735,0.0803752741450735,24622000,24622000,https://www.sedar.com/ModifyCompanyDocumentSearchForm.do?lang=EN&company_search=MCAN Mortgage Corp&document_selection=0&industry_group=A&FromDate=13&FromMonth=05&FromYear=2000&ToDate=13&ToMonth=11&ToYear=2020&Variable=Issuer,https://www.sedar.com/ModifyCompanyDocumentSearchForm.do?lang=EN&company_search=MCAN Mortgage Corp&document_selection=0&industry_group=A&FromDate=13&FromMonth=05&FromYear=2000&ToDate=13&ToMonth=11&ToYear=2020&Variable=Issuer
0,2002-09-30,MKP.TO,2002-09-30,2002-09-30,Q3,9014000.0,0.0,0.0,0.0,0.0,3209000.0,0.0,0.0,0.0,-1950000.0,0.0,0.0,12371000,1.372420678943865,10964000,0.20013312624805857,0.0,1804000.0,0.20013312624805857,125000.0,1679000.0,0.18626580874195695,0.172358,0.164479,9763413.0,10191882,https://www.sedar.com/ModifyCompanyDocumentSearchForm.do?lang=EN&company_search=MCAN Mortgage Corp&document_selection=0&industry_group=A&FromDate=13&FromMonth=05&FromYear=2000&ToDate=13&ToMonth=11&ToYear=2020&Variable=Issuer,https://www.sedar.com/ModifyCompanyDocumentSearchForm.do?lang=EN&company_search=MCAN Mortgage Corp&document_selection=0&industry_group=A&FromDate=13&FromMonth=05&FromYear=2000&ToDate=13&ToMonth=11&ToYear=2020&Variable=Issuer
0,2002-06-30,MKP.TO,2002-06-30,2002-06-30,Q2,7615000.0,0.0,0.0,0.0,0.0,3075000.0,0.0,0.0,0.0,-2008000.0,0.0,0.0,9641000.0,1.266053841103086,9623000.0,0.053053184504267895,0.0,404000.0,0.053053184504267895,41000.0,363000.0,0.04766907419566645,0.037426,0.035456,9763413.0,10224373,https://www.sedar.com/ModifyCompanyDocumentSearchForm.do?lang=EN&company_search=MCAN Mortgage Corp&document_selection=0&industry_group=A&FromDate=13&FromMonth=05&FromYear=2000&ToDate=13&ToMonth=11&ToYear=2020&Variable=Issuer,https://www.sedar.com/ModifyCompanyDocumentSearchForm.do?lang=EN&company_search=MCAN Mortgage Corp&document_selection=0&industry_group=A&FromDate=13&FromMonth=05&FromYear=2000&ToDate=13&ToMonth=11&ToYear=2020&Variable=Issuer
0,2002-03-31,MKP.TO,2002-03-31,2002-03-31,Q1,8891000.0,0.0,0.0,0.0,0.0,3482000.0,0.0,0.0,0.0,-1948000.0,0.0,0.0,11409000,1.2832077381621865,10839000,0.1768080080980767,0.0,1572000.0,0.1768080080980767,163000.0,1409000.0,0.1584748622202227,0.158569,0.158569,8902413.0,8985670.0,https://www.sedar.com/ModifyCompanyDocumentSearchForm.do?lang=EN&company_search=MCAN Mortgage Corp&document_selection=0&industry_group=A&FromDate=13&FromMonth=05&FromYear=2000&ToDate=13&ToMonth=11&ToYear=2020&Variable=Issuer,https://www.sedar.com/ModifyCompanyDocumentSearchForm.do?lang=EN&company_search=MCAN Mortgage Corp&document_selection=0&industry_group=A&FromDate=13&FromMonth=05&FromYear=2000&ToDate=13&ToMonth=11&ToYear=2020&Variable=Issuer
0,2001-12-31,MKP.TO,2001-12-31,2001-12-31,Q4,11236000,0.0,0.0,0.0,0.0,3642000.0,0.0,0.0,0.0,-2642000.0,0.0,0.0,14332000,1.2755428978284087,13878000,0.22125311498754005,0.0,2486000.0,0.22125311498754005,54000.0,2432000.0,0.21644713421146317,0.0987734546340671,0.0987734546340671,24622000,24622000,https://www.sedar.com/ModifyCompanyDocumentSearchForm.do?lang=EN&company_search=MCAN Mortgage Corp&document_selection=0&industry_group=A&FromDate=13&FromMonth=05&FromYear=2000&ToDate=13&ToMonth=11&ToYear=2020&Variable=Issuer,https://www.sedar.com/ModifyCompanyDocumentSearchForm.do?lang=EN&company_search=MCAN Mortgage Corp&document_selection=0&industry_group=A&FromDate=13&FromMonth=05&FromYear=2000&ToDate=13&ToMonth=11&ToYear=2020&Variable=Issuer
0,2001-09-30,MKP.TO,2001-09-30,2001-09-30,Q3,9088000.0,0.0,0.0,0.0,0.0,2577000.0,0.0,0.0,0.0,-2324000.0,0.0,0.0,11784000,1.2966549295774648,11412000,0.12026848591549295,0.0,1093000.0,0.12026848591549295,-127000.0,1220000.0,0.13424295774647887,0.147735,0.147735,8247525.0,8247525.0,https://www.sedar.com/ModifyCompanyDocumentSearchForm.do?lang=EN&company_search=MCAN Mortgage Corp&document_selection=0&industry_group=A&FromDate=13&FromMonth=05&FromYear=2000&ToDate=13&ToMonth=11&ToYear=2020&Variable=Issuer,https://www.sedar.com/ModifyCompanyDocumentSearchForm.do?lang=EN&company_search=MCAN Mortgage Corp&document_selection=0&industry_group=A&FromDate=13&FromMonth=05&FromYear=2000&ToDate=13&ToMonth=11&ToYear=2020&Variable=Issuer
0,2001-06-30,MKP.TO,2001-06-30,2001-06-30,Q2,9483000.0,0.0,0.0,0.0,0.0,2111000.0,0.0,0.0,0.0,-2499000.0,0.0,0.0,12245000,1.2912580407044185,11982000,0.1841189496994622,0.0,1746000.0,0.1841189496994622,190000.0,1556000.0,0.1640830960666456,0.206829,0.206829,7847463.0,7847463.0,https://www.sedar.com/ModifyCompanyDocumentSearchForm.do?lang=EN&company_search=MCAN Mortgage Corp&document_selection=0&industry_group=A&FromDate=13&FromMonth=05&FromYear=2000&ToDate=13&ToMonth=11&ToYear=2020&Variable=Issuer,https://www.sedar.com/ModifyCompanyDocumentSearchForm.do?lang=EN&company_search=MCAN Mortgage Corp&document_selection=0&industry_group=A&FromDate=13&FromMonth=05&FromYear=2000&ToDate=13&ToMonth=11&ToYear=2020&Variable=Issuer
0,2001-03-31,MKP.TO,2001-03-31,2001-03-31,Q1,8570000.0,0.0,0.0,0.0,0.0,2193000.0,0.0,0.0,0.0,-1973000.0,0.0,0.0,10781000,1.2579929988331389,10543000,0.16931155192532088,0.0,1451000.0,0.16931155192532088,-136000.0,1587000.0,0.18518086347724622,0.19698,0.19698,7847485.0,7847485.0,https://www.sedar.com/ModifyCompanyDocumentSearchForm.do?lang=EN&company_search=MCAN Mortgage Corp&document_selection=0&industry_group=A&FromDate=13&FromMonth=05&FromYear=2000&ToDate=13&ToMonth=11&ToYear=2020&Variable=Issuer,https://www.sedar.com/ModifyCompanyDocumentSearchForm.do?lang=EN&company_search=MCAN Mortgage Corp&document_selection=0&industry_group=A&FromDate=13&FromMonth=05&FromYear=2000&ToDate=13&ToMonth=11&ToYear=2020&Variable=Issuer
0,2000-12-31,MKP.TO,2000-12-31,2000-12-31,Q4,9235000.0,0.0,0.0,0.0,0.0,1766000.0,0.0,0.0,0.0,-3306000.0,0.0,0.0,12581000,1.3623172712506768,12541000,0.1265836491608013,0.0,1169000.0,0.1265836491608013,-447000.0,1616000.0,0.17498646453708716,0.06563236130289984,0.06563236130289984,24622000,24622000,https://www.sedar.com/ModifyCompanyDocumentSearchForm.do?lang=EN&company_search=MCAN Mortgage Corp&document_selection=0&industry_group=A&FromDate=13&FromMonth=05&FromYear=2000&ToDate=13&ToMonth=11&ToYear=2020&Variable=Issuer,https://www.sedar.com/ModifyCompanyDocumentSearchForm.do?lang=EN&company_search=MCAN Mortgage Corp&document_selection=0&industry_group=A&FromDate=13&FromMonth=05&FromYear=2000&ToDate=13&ToMonth=11&ToYear=2020&Variable=Issuer
0,2000-09-30,MKP.TO,2000-09-30,2000-09-30,Q3,9618000.0,0.0,0.0,0.0,0.0,2424000.0,166000.0,0.0,0.0,-2525000.0,0.0,0.0,12820000,1.3329174464545643,12143000,0.15668538157621126,0.0,1507000.0,0.15668538157621126,-248000.0,1755000.0,0.1824703680598877,0.226527,0.226527,7847485.0,7847485.0,https://www.sedar.com/ModifyCompanyDocumentSearchForm.do?lang=EN&company_search=MCAN Mortgage Corp&document_selection=0&industry_group=A&FromDate=13&FromMonth=05&FromYear=2000&ToDate=13&ToMonth=11&ToYear=2020&Variable=Issuer,https://www.sedar.com/ModifyCompanyDocumentSearchForm.do?lang=EN&company_search=MCAN Mortgage Corp&document_selection=0&industry_group=A&FromDate=13&FromMonth=05&FromYear=2000&ToDate=13&ToMonth=11&ToYear=2020&Variable=Issuer
0,2000-06-30,MKP.TO,2000-06-30,2000-06-30,Q2,7800000.0,0.0,0.0,0.0,0.0,2300000.0,200000.0,0.0,0.0,-1700000.0,0.0,0.0,0.0,0.0,9500000.0,0.1282051282051282,0.0,1000000.0,0.1282051282051282,-300000.0,1300000.0,0.16666666666666666,0.167433,0.167433,7764288.0,7764288.0,https://www.sedar.com/ModifyCompanyDocumentSearchForm.do?lang=EN&company_search=MCAN Mortgage Corp&document_selection=0&industry_group=A&FromDate=13&FromMonth=05&FromYear=2000&ToDate=13&ToMonth=11&ToYear=2020&Variable=Issuer,https://www.sedar.com/ModifyCompanyDocumentSearchForm.do?lang=EN&company_search=MCAN Mortgage Corp&document_selection=0&industry_group=A&FromDate=13&FromMonth=05&FromYear=2000&ToDate=13&ToMonth=11&ToYear=2020&Variable=Issuer
0,2000-03-31,MKP.TO,2000-03-31,2000-03-31,Q1,8200000.0,0.0,0.0,0.0,0.0,1900000.0,100000.0,0.0,0.0,-1800000.0,0.0,0.0,10200000,1.2439024390243902,10000000,0.23170731707317074,0.0,1900000.0,0.23170731707317074,300000.0,1600000.0,0.1951219512195122,0.19698,0.19698,8122640.0,8122640.0,https://www.sedar.com/ModifyCompanyDocumentSearchForm.do?lang=EN&company_search=MCAN Mortgage Corp&document_selection=0&industry_group=A&FromDate=13&FromMonth=05&FromYear=2000&ToDate=13&ToMonth=11&ToYear=2020&Variable=Issuer,https://www.sedar.com/ModifyCompanyDocumentSearchForm.do?lang=EN&company_search=MCAN Mortgage Corp&document_selection=0&industry_group=A&FromDate=13&FromMonth=05&FromYear=2000&ToDate=13&ToMonth=11&ToYear=2020&Variable=Issuer
0,1999-12-31,MKP.TO,1999-12-31,1999-12-31,Q4,3500000.0,0.0,0.0,0.0,0.0,0.0,0.0,0.0,0.0,-300000.0,0.0,0.0,0.0,0.0,3800000.0,0.0,0.0,0.0,0.0,0.0,700000.0,0.2,0.028429859475266023,0.028429859475266023,24622000,24622000,https://www.sedar.com/ModifyCompanyDocumentSearchForm.do?lang=EN&company_search=MCAN Mortgage Corp&document_selection=0&industry_group=A&FromDate=13&FromMonth=05&FromYear=2000&ToDate=13&ToMonth=11&ToYear=2020&Variable=Issuer,https://www.sedar.com/ModifyCompanyDocumentSearchForm.do?lang=EN&company_search=MCAN Mortgage Corp&document_selection=0&industry_group=A&FromDate=13&FromMonth=05&FromYear=2000&ToDate=13&ToMonth=11&ToYear=2020&Variable=Issuer
0,1999-09-30,MKP.TO,1999-09-30,1999-09-30,Q3,3800000.0,0.0,0.0,0.0,0.0,0.0,0.0,0.0,0.0,-700000.0,0.0,0.0,4500000.0,1.1842105263157894,4500000.0,0.0,0.0,0.0,0.0,0.0,700000.0,0.18421052631578946,0.177282,0.177282,3948506.0,3948506.0,https://www.sedar.com/ModifyCompanyDocumentSearchForm.do?lang=EN&company_search=MCAN Mortgage Corp&document_selection=0&industry_group=A&FromDate=13&FromMonth=05&FromYear=2000&ToDate=13&ToMonth=11&ToYear=2020&Variable=Issuer,https://www.sedar.com/ModifyCompanyDocumentSearchForm.do?lang=EN&company_search=MCAN Mortgage Corp&document_selection=0&industry_group=A&FromDate=13&FromMonth=05&FromYear=2000&ToDate=13&ToMonth=11&ToYear=2020&Variable=Issuer
0,1999-06-30,MKP.TO,1999-06-30,1999-06-30,Q2,3700000.0,0.0,0.0,0.0,0.0,0.0,0.0,0.0,0.0,-600000.0,0.0,0.0,0.0,0.0,4300000.0,0.0,0.0,0.0,0.0,0.0,700000.0,0.1891891891891892,0.177282,0.177282,3948506.0,3948506.0,https://www.sedar.com/ModifyCompanyDocumentSearchForm.do?lang=EN&company_search=MCAN Mortgage Corp&document_selection=0&industry_group=A&FromDate=13&FromMonth=05&FromYear=2000&ToDate=13&ToMonth=11&ToYear=2020&Variable=Issuer,https://www.sedar.com/ModifyCompanyDocumentSearchForm.do?lang=EN&company_search=MCAN Mortgage Corp&document_selection=0&industry_group=A&FromDate=13&FromMonth=05&FromYear=2000&ToDate=13&ToMonth=11&ToYear=2020&Variable=Issuer
0,1999-03-31,MKP.TO,1999-03-31,1999-03-31,Q1,3500000.0,0.0,0.0,0.0,0.0,0.0,0.0,0.0,0.0,-400000.0,0.0,0.0,3900000.0,1.1142857142857143,3900000.0,0.0,0.0,0.0,0.0,0.0,700000.0,0.2,0.177282,0.177282,3948506.0,3948506.0,https://www.sedar.com/ModifyCompanyDocumentSearchForm.do?lang=EN&company_search=MCAN Mortgage Corp&document_selection=0&industry_group=A&FromDate=13&FromMonth=05&FromYear=2000&ToDate=13&ToMonth=11&ToYear=2020&Variable=Issuer,https://www.sedar.com/ModifyCompanyDocumentSearchForm.do?lang=EN&company_search=MCAN Mortgage Corp&document_selection=0&industry_group=A&FromDate=13&FromMonth=05&FromYear=2000&ToDate=13&ToMonth=11&ToYear=2020&Variable=Issuer
0,1998-12-31,MKP.TO,1998-12-31,1998-12-31,Q4,3800000.0,0.0,0.0,0.0,0.0,0.0,0.0,0.0,0.0,-500000.0,0.0,0.0,4300000.0,1.131578947368421,4300000.0,0.0,0.0,0.0,0.0,0.0,700000.0,0.18421052631578946,0.028429859475266023,0.028429859475266023,24622000,24622000,https://www.sedar.com/ModifyCompanyDocumentSearchForm.do?lang=EN&company_search=MCAN Mortgage Corp&document_selection=0&industry_group=A&FromDate=13&FromMonth=05&FromYear=2000&ToDate=13&ToMonth=11&ToYear=2020&Variable=Issuer,https://www.sedar.com/ModifyCompanyDocumentSearchForm.do?lang=EN&company_search=MCAN Mortgage Corp&document_selection=0&industry_group=A&FromDate=13&FromMonth=05&FromYear=2000&ToDate=13&ToMonth=11&ToYear=2020&Variable=Issuer
0,1998-09-30,MKP.TO,1998-09-30,1998-09-30,Q3,3600000.0,0.0,0.0,0.0,0.0,0.0,0.0,0.0,0.0,-500000.0,0.0,0.0,4100000.0,1.1388888888888888,4100000.0,0.0,0.0,0.0,0.0,0.0,700000.0,0.19444444444444445,0.177282,0.177282,3948506.0,3948506.0,https://www.sedar.com/ModifyCompanyDocumentSearchForm.do?lang=EN&company_search=MCAN Mortgage Corp&document_selection=0&industry_group=A&FromDate=13&FromMonth=05&FromYear=2000&ToDate=13&ToMonth=11&ToYear=2020&Variable=Issuer,https://www.sedar.com/ModifyCompanyDocumentSearchForm.do?lang=EN&company_search=MCAN Mortgage Corp&document_selection=0&industry_group=A&FromDate=13&FromMonth=05&FromYear=2000&ToDate=13&ToMonth=11&ToYear=2020&Variable=Issuer
0,1998-06-30,MKP.TO,1998-06-30,1998-06-30,Q2,3800000.0,0.0,0.0,0.0,0.0,0.0,0.0,0.0,0.0,-500000.0,0.0,0.0,0.0,0.0,4300000.0,0.0,0.0,0.0,0.0,0.0,700000.0,0.18421052631578946,0.177282,0.177282,3948506.0,3948506.0,https://www.sedar.com/ModifyCompanyDocumentSearchForm.do?lang=EN&company_search=MCAN Mortgage Corp&document_selection=0&industry_group=A&FromDate=13&FromMonth=05&FromYear=2000&ToDate=13&ToMonth=11&ToYear=2020&Variable=Issuer,https://www.sedar.com/ModifyCompanyDocumentSearchForm.do?lang=EN&company_search=MCAN Mortgage Corp&document_selection=0&industry_group=A&FromDate=13&FromMonth=05&FromYear=2000&ToDate=13&ToMonth=11&ToYear=2020&Variable=Issuer
0,1998-03-31,MKP.TO,1998-03-31,1998-03-31,Q1,3500000.0,0.0,0.0,0.0,0.0,0.0,0.0,0.0,0.0,-300000.0,0.0,0.0,0.0,0.0,3800000.0,0.0,0.0,0.0,0.0,0.0,700000.0,0.2,0.177282,0.177282,3948506.0,3948506.0,https://www.sedar.com/ModifyCompanyDocumentSearchForm.do?lang=EN&company_search=MCAN Mortgage Corp&document_selection=0&industry_group=A&FromDate=13&FromMonth=05&FromYear=2000&ToDate=13&ToMonth=11&ToYear=2020&Variable=Issuer,https://www.sedar.com/ModifyCompanyDocumentSearchForm.do?lang=EN&company_search=MCAN Mortgage Corp&document_selection=0&industry_group=A&FromDate=13&FromMonth=05&FromYear=2000&ToDate=13&ToMonth=11&ToYear=2020&Variable=Issuer
0,1997-12-31,MKP.TO,1997-12-31,1997-12-31,Q4,2500000.0,0.0,0.0,0.0,0.0,0.0,0.0,0.0,0.0,-100000.0,0.0,0.0,0.0,0.0,2600000.0,0.0,0.0,0.0,0.0,0.0,900000.0,0.36,0.03655267646819917,0.03655267646819917,24622000,24622000,https://www.sedar.com/ModifyCompanyDocumentSearchForm.do?lang=EN&company_search=MCAN Mortgage Corp&document_selection=0&industry_group=A&FromDate=13&FromMonth=05&FromYear=2000&ToDate=13&ToMonth=11&ToYear=2020&Variable=Issuer,https://www.sedar.com/ModifyCompanyDocumentSearchForm.do?lang=EN&company_search=MCAN Mortgage Corp&document_selection=0&industry_group=A&FromDate=13&FromMonth=05&FromYear=2000&ToDate=13&ToMonth=11&ToYear=2020&Variable=Issuer
0,1997-09-30,MKP.TO,1997-09-30,1997-09-30,Q3,3600000.0,0.0,0.0,0.0,0.0,0.0,0.0,0.0,0.0,-300000.0,0.0,0.0,0.0,0.0,3900000.0,0.0,0.0,0.0,0.0,0.0,700000.0,0.19444444444444445,0.177282,0.177282,3948506.0,3948506.0,https://www.sedar.com/ModifyCompanyDocumentSearchForm.do?lang=EN&company_search=MCAN Mortgage Corp&document_selection=0&industry_group=A&FromDate=13&FromMonth=05&FromYear=2000&ToDate=13&ToMonth=11&ToYear=2020&Variable=Issuer,https://www.sedar.com/ModifyCompanyDocumentSearchForm.do?lang=EN&company_search=MCAN Mortgage Corp&document_selection=0&industry_group=A&FromDate=13&FromMonth=05&FromYear=2000&ToDate=13&ToMonth=11&ToYear=2020&Variable=Issuer
0,1997-06-30,MKP.TO,1997-06-30,1997-06-30,Q2,3600000.0,0.0,0.0,0.0,0.0,0.0,0.0,0.0,0.0,-300000.0,0.0,0.0,3900000.0,1.0833333333333333,3900000.0,0.0,0.0,0.0,0.0,0.0,700000.0,0.19444444444444445,0.177282,0.177282,3948506.0,3948506.0,https://www.sedar.com/ModifyCompanyDocumentSearchForm.do?lang=EN&company_search=MCAN Mortgage Corp&document_selection=0&industry_group=A&FromDate=13&FromMonth=05&FromYear=2000&ToDate=13&ToMonth=11&ToYear=2020&Variable=Issuer,https://www.sedar.com/ModifyCompanyDocumentSearchForm.do?lang=EN&company_search=MCAN Mortgage Corp&document_selection=0&industry_group=A&FromDate=13&FromMonth=05&FromYear=2000&ToDate=13&ToMonth=11&ToYear=2020&Variable=Issuer
0,1997-03-31,MKP.TO,1997-03-31,1997-03-31,Q1,3800000.0,0.0,0.0,0.0,0.0,0.0,0.0,0.0,0.0,-300000.0,0.0,0.0,4100000.0,1.0789473684210527,4100000.0,0.0,0.0,0.0,0.0,0.0,700000.0,0.18421052631578946,0.177282,0.177282,3948506.0,3948506.0,https://www.sedar.com/ModifyCompanyDocumentSearchForm.do?lang=EN&company_search=MCAN Mortgage Corp&document_selection=0&industry_group=A&FromDate=13&FromMonth=05&FromYear=2000&ToDate=13&ToMonth=11&ToYear=2020&Variable=Issuer,https://www.sedar.com/ModifyCompanyDocumentSearchForm.do?lang=EN&company_search=MCAN Mortgage Corp&document_selection=0&industry_group=A&FromDate=13&FromMonth=05&FromYear=2000&ToDate=13&ToMonth=11&ToYear=2020&Variable=Issuer
