,date,symbol,fillingDate,acceptedDate,period,revenue,costOfRevenue,grossProfit,grossProfitRatio,researchAndDevelopmentExpenses,generalAndAdministrativeExpenses,sellingAndMarketingExpenses,otherExpenses,operatingExpenses,costAndExpenses,interestExpense,depreciationAndAmortization,ebitda,ebitdaratio,operatingIncome,operatingIncomeRatio,totalOtherIncomeExpensesNet,incomeBeforeTax,incomeBeforeTaxRatio,incomeTaxExpense,netIncome,netIncomeRatio,eps,epsdiluted,weightedAverageShsOut,weightedAverageShsOutDil,link,finalLink
0,2020-09-30,FBC,2020-11-09,2020-11-09 16:34:11,Q3,206000000,0.0,206000000,1.0,0.0,0.0,0.0,21000000,0.0,0.0,-26000000,0.0,295000000,1.4320388349514563,295000000,1.4320388349514563,15000000,295000000,1.4320388349514563,73000000,222000000,1.0776699029126213,3.8863022027105734,3.8863022027105734,57123710,57123710,https://www.sec.gov/Archives/edgar/data/1033012/000103301220000093/0001033012-20-000093-index.htm,https://www.sec.gov/Archives/edgar/data/1033012/000103301220000093/fbc-20200930.htm
0,2020-06-30,FBC,2020-08-10,2020-08-10 06:31:48,Q2,546000000,0.0,546000000,1.0,0.0,398000000,0.0,35000000,431000000,35000000,33000000,0.0,181000000,0.875,148000000,0.875,14000000,148000000,0.875,32000000,116000000,0.684523809524,2.03068,2.03068,57123710,57123710,https://www.sec.gov/Archives/edgar/data/1033012/000103301220000075/0001033012-20-000075-index.htm,https://www.sec.gov/Archives/edgar/data/1033012/000103301220000075/fbc-20200630.htm
0,2020-03-31,FBC,2020-05-11,2020-05-11 17:22:12,Q1,305000000,53000000,252000000,0.8262295081967214,0.0,249000000,0.0,28000000,302000000,0.0,53000000,0.0,109000000,0.27860696517412936,56000000,0.27860696517412936,14000000,56000000,0.27860696517412936,10000000,46000000,0.22885572139303484,0.80434,0.80434,57189920,57189920,https://www.sec.gov/Archives/edgar/data/1033012/000103301220000034/0001033012-20-000034-index.htm,https://www.sec.gov/Archives/edgar/data/1033012/000103301220000017/fbc-20191231xform10k.htm
0,2019-12-31,FBC,2020-02-28,2020-02-28 16:52:09,Q4,314000000,61000000,253000000,0.8057324840764332,0.0,245000000,0.0,26000000,306000000,26000000,61000000,0.0,130000000,0.914473684211,69000000,0.453947368421,16000000,69000000,0.453947368421,11000000,58000000,0.381578947368,1.01402,1.01402,57198290,57198290,https://www.sec.gov/Archives/edgar/data/1033012/000103301220000017/0001033012-20-000017-index.htm,https://www.sec.gov/Archives/edgar/data/1033012/000103301220000017/fbc-20191231xform10k.htm
0,2019-09-30,FBC,2019-11-04,2019-11-04 17:27:37,Q3,317000000,57000000,260000000,0.8201892744479495,0.0,239000000,0.0,26000000,296000000,26000000,57000000,0.0,135000000,0.534246575342,78000000,0.534246575342,19000000,78000000,0.534246575342,15000000,63000000,0.431506849315,1.10312,1.10312,57110800,57110800,https://www.sec.gov/Archives/edgar/data/1033012/000103301219000086/0001033012-19-000086-index.htm,https://www.sec.gov/Archives/edgar/data/1033012/000103301219000086/fbc2019093010q.htm
0,2019-06-30,FBC,2019-08-05,2019-08-05 13:46:49,Q2,306000000,60000000,246000000,0.803921568627451,0.0,231000000,0.0,23000000,291000000,23000000,60000000,0.0,135000000,0.54347826087,75000000,0.54347826087,48000000,75000000,0.54347826087,14000000,61000000,0.442028985507,1.06902,1.06902,57061820,57061820,https://www.sec.gov/Archives/edgar/data/1033012/000103301219000076/0001033012-19-000076-index.htm,https://www.sec.gov/Archives/edgar/data/1033012/000103301219000076/fbc2019063010q.htm
0,2019-03-31,FBC,2019-05-10,2019-05-10 16:43:21,Q1,235000000,54000000,181000000,0.7702127659574468,0.0,191000000,0.0,22000000,245000000,22000000,54000000,0.0,98000000,0.349206349206,44000000,0.349206349206,18000000,44000000,0.349206349206,8000000.0,36000000,0.285714285714,0.62511,0.62511,57590270,57590270,https://www.sec.gov/Archives/edgar/data/1033012/000103301219000044/0001033012-19-000044-index.htm,https://www.sec.gov/Archives/edgar/data/1033012/000103301219000033/fbc-20181231xform10k.htm
0,2018-12-31,FBC,2019-02-28,2019-02-28 16:46:49,Q4,250000000,29000000,221000000,0.884,0.0,184000000,0.0,21000000,213000000,21000000,29000000,56000000,95000000,0.802631578947,66000000,0.434210526316,20000000,66000000,0.434210526316,12000000,54000000,0.355263157895,0.92488,0.92488,58386040,58386040,https://www.sec.gov/Archives/edgar/data/1033012/000103301219000033/0001033012-19-000033-index.htm,https://www.sec.gov/Archives/edgar/data/1033012/000103301219000033/fbc-20181231xform10k.htm
0,2018-09-30,FBC,2018-11-05,2018-11-05 15:37:27,Q3,231000000,59000000,172000000,0.7445887445887446,0.0,171000000,0.0,18000000,230000000,18000000,59000000,0.0,119000000,0.483870967742,60000000,0.483870967742,18000000,60000000,0.483870967742,12000000,48000000,0.387096774194,0.82333,0.82333,58300000,58300000,https://www.sec.gov/Archives/edgar/data/1033012/000103301218000111/0001033012-18-000111-index.htm,https://www.sec.gov/Archives/edgar/data/1033012/000103301218000111/fbc2018093010q.htm
0,2018-06-30,FBC,2018-08-06,2018-08-06 11:02:26,Q2,238000000,52000000,186000000,0.7815126050420168,0.0,176000000,0.0,15000000,228000000,15000000,52000000,0.0,114000000,0.539130434783,62000000,0.539130434783,19000000,62000000,0.539130434783,12000000,50000000,0.434782608696,0.85763,0.85763,58300000,58300000,https://www.sec.gov/Archives/edgar/data/1033012/000103301218000099/0001033012-18-000099-index.htm,https://www.sec.gov/Archives/edgar/data/1033012/000103301218000099/fbc2018063010q.htm
0,2018-03-31,FBC,2018-05-07,2018-05-07 11:34:17,Q1,217000000,46000000,171000000,0.7880184331797235,0.0,173000000,0.0,19000000,219000000,19000000,46000000,0.0,90000000,0.415094339623,44000000,0.415094339623,15000000,44000000,0.415094339623,9000000.0,35000000,0.330188679245,0.60034,0.60034,58300000,58300000,https://www.sec.gov/Archives/edgar/data/1033012/000103301218000051/0001033012-18-000051-index.htm,https://www.sec.gov/Archives/edgar/data/1033012/000103301218000025/fbc-20171231xform10k.htm
0,2017-12-31,FBC,2018-03-12,2018-03-12 07:35:31,Q4,231000000,41000000,190000000,0.8225108225108225,0.0,180000000,0.0,23000000,221000000,23000000,41000000,40000000,12000000,0.85046728972,51000000,0.476635514019,14000000,51000000,0.476635514019,16000000,-45000000,-0.569620253164557,-0.78671,-0.78671,57200000,57200000,https://www.sec.gov/Archives/edgar/data/1033012/000103301218000025/0001033012-18-000025-index.htm,https://www.sec.gov/Archives/edgar/data/1033012/000103301218000025/fbc-20171231xform10k.htm
0,2017-09-30,FBC,2017-11-06,2017-11-06 09:15:05,Q3,233000000,37000000,196000000,0.8412017167381974,0.0,173000000,0.0,22000000,210000000,22000000,37000000,0.0,97000000,0.582524271845,60000000,0.582524271845,12000000,60000000,0.582524271845,20000000,40000000,0.388349514563,0.68729,0.68729,58200000,58200000,https://www.sec.gov/Archives/edgar/data/1033012/000103301217000088/0001033012-17-000088-index.htm,https://www.sec.gov/Archives/edgar/data/1033012/000103301217000088/fbc2017093010q.htm
0,2017-06-30,FBC,2017-08-07,2017-08-07 16:37:24,Q2,213000000,32000000,181000000,0.8497652582159625,0.0,153000000,0.0,20000000,185000000,20000000,32000000,0.0,92000000,0.618556701031,60000000,0.618556701031,10000000,60000000,0.618556701031,19000000,41000000,0.422680412371,0.70568,0.70568,58100000,58100000,https://www.sec.gov/Archives/edgar/data/1033012/000103301217000079/0001033012-17-000079-index.htm,https://www.sec.gov/Archives/edgar/data/1033012/000103301217000079/fbc2017063010q.htm
0,2017-03-31,FBC,2017-05-08,2017-05-08 15:54:49,Q1,183000000,27000000,156000000,0.8524590163934426,0.0,143000000,0.0,17000000,170000000,17000000,27000000,0.0,67000000,0.481927710843,40000000,0.481927710843,10000000,40000000,0.481927710843,13000000,27000000,0.325301204819,0.46472,0.46472,58100000,58100000,https://www.sec.gov/Archives/edgar/data/1033012/000103301217000052/0001033012-17-000052-index.htm,https://www.sec.gov/Archives/edgar/data/1033012/000103301217000027/fbc-20161231xform10k.htm
0,2016-12-31,FBC,2017-03-13,2017-03-13 15:07:16,Q4,185000000,24000000,161000000,0.8702702702702703,0.0,143000000,0.0,13000000,167000000,13000000,24000000,8000000.0,74000000,0.574712643678,42000000,0.48275862069,10000000,42000000,0.48275862069,14000000,28000000,0.32183908046,0.48951,0.48951,57200000,57200000,https://www.sec.gov/Archives/edgar/data/1033012/000103301217000027/0001033012-17-000027-index.htm,https://www.sec.gov/Archives/edgar/data/1033012/000103301217000027/fbc-20161231xform10k.htm
0,2016-09-30,FBC,2016-11-07,2016-11-07 13:34:24,Q3,236000000,26000000,210000000,0.8898305084745762,0.0,149000000,0.0,13000000,175000000,13000000,26000000,8000000.0,121000000,1.1875,87000000,1.0875,36000000,87000000,1.0875,30000000,57000000,0.7125,0.98446,0.98446,57900000,57900000,https://www.sec.gov/Archives/edgar/data/1033012/000103301216000172/0001033012-16-000172-index.htm,https://www.sec.gov/Archives/edgar/data/1033012/000103301216000172/fbc2016093010q.htm
0,2016-06-30,FBC,2016-08-09,2016-08-09 14:54:27,Q2,205000000,22000000,183000000,0.8926829268292683,0.0,136000000,0.0,13000000,158000000,13000000,22000000,9000000.0,100000000,1.01298701299,69000000,0.896103896104,9000000.0,69000000,0.896103896104,22000000,47000000,0.61038961039,0.81315,0.81315,57800000,57800000,https://www.sec.gov/Archives/edgar/data/1033012/000103301216000160/0001033012-16-000160-index.htm,https://www.sec.gov/Archives/edgar/data/1033012/000103301216000160/fbc2016063010q.htm
0,2016-03-31,FBC,2016-05-10,2016-05-10 15:05:30,Q1,184000000,22000000,162000000,0.8804347826086957,0.0,124000000,0.0,10000000,146000000,10000000,22000000,7000000.0,89000000,0.848101265823,60000000,0.759493670886,9000000.0,60000000,0.759493670886,21000000,39000000,0.493670886076,0.67708,0.67708,57600000,57600000,https://www.sec.gov/Archives/edgar/data/1033012/000103301216000126/0001033012-16-000126-index.htm,https://www.sec.gov/Archives/edgar/data/1033012/000103301216000110/fbc-20151231xform10k.htm
0,2015-12-31,FBC,2016-03-14,2016-03-14 15:29:31,Q4,173000000,19000000,154000000,0.8901734104046243,0.0,128000000,0.0,13000000,147000000,13000000,19000000,7000000.0,71000000,0.684210526316,45000000,0.592105263158,9000000.0,45000000,0.592105263158,12000000,33000000,0.434210526316,0.57391,0.57391,57500000,57500000,https://www.sec.gov/Archives/edgar/data/1033012/000103301216000110/0001033012-16-000110-index.htm,https://www.sec.gov/Archives/edgar/data/1033012/000103301216000110/fbc-20151231xform10k.htm
0,2015-09-30,FBC,2015-11-06,2015-11-06 15:11:26,Q3,201000000,18000000,183000000,0.9104477611940298,0.0,130000000,0.0,13000000,148000000,13000000,18000000,6000000.0,95000000,1.05479452055,71000000,0.972602739726,9000000.0,71000000,0.972602739726,24000000,47000000,0.643835616438,0.82168,0.82168,57200000,57200000,https://www.sec.gov/Archives/edgar/data/1033012/000103301215000088/0001033012-15-000088-index.htm,https://www.sec.gov/Archives/edgar/data/1033012/000103301215000088/fbc2015093010-q.htm
0,2015-06-30,FBC,2015-08-06,2015-08-06 11:11:42,Q2,199000000,17000000,182000000,0.914572864321608,0.0,125000000,0.0,16000000,142000000,15100000,17000000,5300000.0,96300000,1.08891928865,74000000,1.01641586867,0.0,74000000,1.01641586867,28000000,46000000,0.636114911081,0.8042,0.8042,57200000,57200000,https://www.sec.gov/Archives/edgar/data/1033012/000103301215000072/0001033012-15-000072-index.htm,https://www.sec.gov/Archives/edgar/data/1033012/000103301215000072/fbc2015063010-q.htm
0,2015-03-31,FBC,2015-05-08,2015-05-08 14:42:52,Q1,184000000,14000000,170000000,0.9239130434782609,0.0,134000000,0.0,11000000,148000000,11900000,14000000,5700000.0,69700000,0.853620955316,50000000,0.765793528505,0.0,50000000,0.765793528505,18000000,32000000,0.485362095532,0.56042,0.56042,57100000,57100000,https://www.sec.gov/Archives/edgar/data/1033012/000103301215000056/0001033012-15-000056-index.htm,https://www.sec.gov/Archives/edgar/data/1033012/000103301215000025/fbc-20141231x10k.htm
0,2014-12-31,FBC,2015-03-16,2015-03-16 16:37:13,Q4,159700000,10900000,148800000,0.9317470256731372,0.0,144300000,0.0,10796000,155200000,10796000,10900000,6000000.0,32400000,0.351554598545,15500000,0.252911813644,7285000.0,15500000,0.252911813644,4400000.0,11100000,0.180679260057,0.19716,0.19716,56300000,56300000,https://www.sec.gov/Archives/edgar/data/1033012/000103301215000025/0001033012-15-000025-index.htm,https://www.sec.gov/Archives/edgar/data/1033012/000103301215000025/fbc-20141231x10k.htm
0,2014-09-30,FBC,2014-11-03,2014-11-03 16:49:41,Q3,149600000,10700000,138900000,0.928475935828877,0.0,187500000,0.0,37312000,198200000,37312000,10700000,7000000.0,-20200000,0.12126497364638236,-37900000,-0.589400577981,9454000.0,-37900000,-0.589400577981,-10300000,-27600000,-0.42932164942,-0.4911,-0.4911,56200000,56200000,https://www.sec.gov/Archives/edgar/data/1033012/000103301214000073/0001033012-14-000073-index.htm,https://www.sec.gov/Archives/edgar/data/1033012/000103301214000073/fbc2014093010-q.htm
0,2014-06-30,FBC,2014-07-29,2014-07-29 17:03:27,Q2,166000000,9000000.0,157000000,0.9457831325301205,0.0,128000000,0.0,7391000.0,137000000,7391000.0,9000000.0,5400000.0,52400000,0.692911493793,38000000,0.59921505807,7648000.0,38000000,0.59921505807,12000000,26000000,0.408714457349,0.45775,0.45775,56800000,56800000,https://www.sec.gov/Archives/edgar/data/1033012/000103301214000047/0001033012-14-000047-index.htm,https://www.sec.gov/Archives/edgar/data/1033012/000103301214000047/fbc2014063010-q.htm
0,2014-03-31,FBC,2014-05-09,2014-05-09 11:55:56,Q1,132000000,8000000.0,124000000,0.9393939393939394,0.0,250000000,0.0,7895000.0,258000000,7895000.0,8000000.0,5600000.0,-104400000,0.12703453751488686,-118000000,-2.03465576193,-14519000,-118000000,-2.03465576193,-40000000,-78000000,-1.34745107472,-1.3879,-1.3879,56200000,56200000,https://www.sec.gov/Archives/edgar/data/1033012/000103301214000032/0001033012-14-000032-index.htm,https://www.sec.gov/Archives/edgar/data/1033012/000103301214000024/fbc-20131231x10k.htm
0,2013-12-31,FBC,2014-03-05,2014-03-05 16:57:24,Q4,154300000,30600000,123700000,0.8016850291639663,0.0,402800000,0.0,0.0,433400000,12927000,30600000,6000000.0,-211900000,-5.88374632915,-248500000,-6.03007062593,0.0,-248500000,-6.03007062593,-410400000,161900000,3.92944688494,2.85538,2.85538,56700000,56700000,https://www.sec.gov/Archives/edgar/data/1033012/000103301214000024/0001033012-14-000024-index.htm,https://www.sec.gov/Archives/edgar/data/1033012/000103301214000024/fbc-20131231x10k.htm
0,2013-09-30,FBC,2013-10-30,2013-10-30 16:49:44,Q3,177000000,36100000,140900000,0.796045197740113,0.0,162500000,0.0,0.0,198600000,11453000,36100000,5899999.999999999,56500000,0.334692156311,14500000,0.196420204292,11480000,14500000,0.339518320682,200000.0,14300000,0.334364164558,0.2531,0.2531,56500000,56500000,https://www.sec.gov/Archives/edgar/data/1033012/000103301213000131/0001033012-13-000131-index.htm,https://www.sec.gov/Archives/edgar/data/1033012/000103301213000131/fbc2013093010-q.htm
0,2013-06-30,FBC,2013-07-30,2013-07-30 12:35:08,Q2,267100000,38000000,229100000,0.8577311868214152,0.0,206000000,0.0,0.0,244000000,7766000.0,38000000,5900000.0,105000000,1.55211805924,61100000,1.4269667693,53957000,61100000,1.29727147256,-6100000.0,67200000,1.4269667693,1.17483,1.17483,57200000,57200000,https://www.sec.gov/Archives/edgar/data/1033012/000103301213000062/0001033012-13-000062-index.htm,https://www.sec.gov/Archives/edgar/data/1033012/000103301213000062/fbc2013063010-q.htm
0,2013-03-31,FBC,2013-04-30,2013-04-30 15:36:17,Q1,240600000,39300000,201300000,0.8366583541147132,0.0,217000000,0.0,0.0,256300000,11513000,39300000,5400000.0,68300000,0.521133844689,23600000,0.424060069338,0.0,23600000,0.0,0.0,23600000,0.424060069338,0.41844,0.41844,56400000,56400000,https://www.sec.gov/Archives/edgar/data/1033012/000103301213000023/0001033012-13-000023-index.htm,https://www.sec.gov/Archives/edgar/data/1033012/000103301213000018/fbc-20121231x10k.htm
0,2012-12-31,FBC,2013-03-05,2013-03-05 16:14:30,Q4,359700000,41500000,318200000,0.8846260772866278,0.0,448400000,0.0,-42927000,489900000,44202000,41500000,5399999.999999999,-41700000,0.2661576675789917,-88600000,0.26065942474938053,-47929000,-88600000,0.26065942474938053,4200000.0,-92800000,0.26065942474938053,-1.66308,-1.66308,55800000,55800000,https://www.sec.gov/Archives/edgar/data/1033012/000103301213000018/0001033012-13-000018-index.htm,https://www.sec.gov/Archives/edgar/data/1033012/000103301213000018/fbc-20121231x10k.htm
0,2012-09-30,FBC,2012-10-30,2012-10-30 14:49:00,Q3,346800000,46700000,300100000,0.8653402537485583,0.0,286100000,0.0,42927000,332800000,83457000,46700000,5300000.000000001,112700000,1.18176220255,60700000,1.10989477141,42927000,60700000,0.831018486843,-20400000,81100000,1.10989477141,1.44306,1.44306,56200000,56200000,https://www.sec.gov/Archives/edgar/data/1033012/000103301212000024/0001033012-12-000024-index.htm,https://www.sec.gov/Archives/edgar/data/1033012/000103301212000024/fbc2012093010-q.htm
0,2012-06-30,FBC,2012-08-09,2012-08-09 11:08:54,Q2,315800000,47400000,268400000,0.8499050031665611,0.0,227900000,0.0,0.0,275300000,34766000,47400000,5000000.0,140300000,1.22471448634,87900000,1.15776782639,45000.0,87900000,1.16439227325,500000.0,87400000,1.17640901985,1.52531,1.52531,57300000,57300000,https://www.sec.gov/Archives/edgar/data/1033012/000103301212000015/0001033012-12-000015-index.htm,https://www.sec.gov/Archives/edgar/data/1033012/000103301212000015/fbc2012063010-q.htm
0,2012-03-31,FBC,2012-05-10,2012-05-10 14:43:04,Q1,296100000,48200000,247900000,0.8372171563660925,0.0,303400000,0.0,0.0,351600000,37752000,48200000,4500000.0,45400000,-0.002821535442488028,-7300000.0,-0.02463717885508145,-5047000.0,-7300000.0,-0.02463717885508145,0.0,-7300000.0,-0.03567924316461072,-0.13106,-0.13106,55700000,55700000,https://www.sec.gov/Archives/edgar/data/1033012/000103301212000005/0001033012-12-000005-index.htm,https://www.sec.gov/Archives/edgar/data/1033012/000119312512123725/d265668d10k.htm
0,2011-12-31,FBC,2012-03-20,2012-03-20 17:06:44,Q4,194500000,50300000,144200000,0.741388174807198,0.0,269300000,0.0,0.0,319600000,67674000,50300000,5000000.0,-19600000,0.6016086793864571,-74900000,0.5547699214365881,59316000,-74900000,0.5547699214365881,300000.0,-75200000,-0.7030022446689114,-1.35495,-1.35495,55500000,55500000,https://www.sec.gov/Archives/edgar/data/1033012/000119312512123725/0001193125-12-123725-index.htm,https://www.sec.gov/Archives/edgar/data/1033012/000119312512123725/d265668d10k.htm
0,2011-09-30,FBC,2011-11-09,2011-11-09 12:43:04,Q3,178200000,54400000,123800000,0.6947250280583613,0.0,187400000,0.0,0.0,241800000,26556000,54400000,3700000.0,48900000,0.05887903559702283,-9200000.0,0.023204983775768604,2410000.0,-9200000.0,0.023204983775768604,300000.0,-9500000.0,-0.09127935526733874,-0.17148,-0.17148,55400000,55400000,https://www.sec.gov/Archives/edgar/data/1033012/000119312511303971/0001193125-11-303971-index.htm,https://www.sec.gov/Archives/edgar/data/1033012/000119312511303971/d251386d10q.htm
0,2011-06-30,FBC,2011-08-08,2011-08-08 11:10:53,Q2,109400000,56700000,52700000,0.48171846435100546,0.0,179300000,0.0,-5172000.0,236000000,20058000,56700000,3600000.0,-9600000.0,0.492262215267,-69900000,0.361618269287,-55309000,-69900000,0.0109546165884,300000.0,-70200000,-1.7618007431957416,-1.25357,-1.25357,56000000,56000000,https://www.sec.gov/Archives/edgar/data/1033012/000095012311074187/0000950123-11-074187-index.htm,https://www.sec.gov/Archives/edgar/data/1033012/000095012311074187/k50391e10vq.htm
0,2011-03-31,FBC,2011-05-09,2011-05-09 17:19:55,Q1,148900000,58600000,90300000,0.6064472800537274,0.0,175500000,0.0,0.0,234100000,20430000,58600000,3600000.0,35500000,-0.45946915351506457,-26700000,-0.5320420851267336,0.0,-26700000,-0.5320420851267336,300000.0,-27000000,-0.5373027259684362,-0.48736,-0.48736,55400000,55400000,https://www.sec.gov/Archives/edgar/data/1033012/000095012311047525/0000950123-11-047525-index.htm,https://www.sec.gov/Archives/edgar/data/1033012/000095012311025601/k50190e10vk.htm
0,2010-12-31,FBC,2011-03-15,2011-03-15 17:03:07,Q4,202600000,63900000,138700000,0.6846001974333662,0.0,387900000,0.0,0.0,451800000,21567000,63900000,4600000.000000001,-116800000,-0.28565227576513386,-185300000,-0.30132701291184943,-87468000,-185300000,-0.30132701291184943,2100000.0,-187400000,-0.645523570670672,-7.20769,-7.20769,26000000,26000000,https://www.sec.gov/Archives/edgar/data/1033012/000095012311025601/0000950123-11-025601-index.htm,https://www.sec.gov/Archives/edgar/data/1033012/000095012311025601/k50190e10vk.htm
0,2010-09-30,FBC,2010-11-09,2010-11-09 16:37:01,Q3,196100000,82100000,114000000,0.5813360530341662,0.0,214000000,0.0,0.0,296100000,58985000,82100000,4399999.999999999,68600000,6.4749588877261175,-17900000,5.8120795335625655,-1596000.0,-17900000,5.8120795335625655,0.0,-17900000,-28.021079384063388,4.36585,4.36585,-4100000.0,-4100000.0,https://www.sec.gov/Archives/edgar/data/1033012/000095012310103303/0000950123-10-103303-index.htm,https://www.sec.gov/Archives/edgar/data/1033012/000095012310103303/k49784e10vq.htm
0,2010-06-30,FBC,2010-08-09,2010-08-09 15:10:47,Q2,149900000,87600000,62300000,0.41561040693795864,0.0,242200000,0.0,0.0,329800000,19622000,87600000,4700000.000000001,1e-09,0.40719299064693343,-92300000,0.33457833387802105,21499000,-92300000,0.33457833387802105,0.0,-92300000,-1.4366839410492243,-6.03268,-6.03268,15300000,15300000,https://www.sec.gov/Archives/edgar/data/1033012/000095012310074942/0000950123-10-074942-index.htm,https://www.sec.gov/Archives/edgar/data/1033012/000095012310074942/k49248e10vq.htm
0,2010-03-31,FBC,2010-05-10,2010-05-10 16:27:29,Q1,115800000,88500000,27300000,0.23575129533678757,0.0,193000000,0.0,0.0,281500000,17607000,88500000,4600000.0,15900000,0.44937792489441847,-77200000,0.3609557508655785,18974000,-77200000,0.3609557508655785,0.0,-77200000,-1.4690103869421298,-9.89744,-9.89744,7800000.0,7800000.0,https://www.sec.gov/Archives/edgar/data/1033012/000095012310047197/0000950123-10-047197-index.htm,https://www.sec.gov/Archives/edgar/data/1033012/000095012310024395/k48965e10vk.htm
0,2009-12-31,FBC,2010-03-15,2010-03-15 06:24:29,Q4,178800000,102200000,76600000,0.42841163310961966,0.0,245700000,0.0,0.0,347900000,-29724000,102200000,4599999.999999998,39900000,1.0447671465737949,-66900000,0.9965173046425573,96141000,-66900000,0.9965173046425573,0.0,-66900000,-0.6936990163458648,-14.23404,-14.23404,4700000.0,4700000.0,https://www.sec.gov/Archives/edgar/data/1033012/000095012310024395/0000950123-10-024395-index.htm,https://www.sec.gov/Archives/edgar/data/1033012/000095012310024395/k48965e10vk.htm
0,2009-09-30,FBC,2009-11-09,2009-11-09 15:09:04,Q3,113800000,119500000,-5700000.0,-0.05008787346221441,0.0,292400000,0.0,0.0,411900000,39954000,119500000,5100000.000000001,-54000000,0.4031317339462721,-178600000,0.3541157879614998,36975000,-178600000,0.3541157879614998,115000000,-293600000,-3.865775990039745,-62.46809,-62.46809,4700000.0,4700000.0,https://www.sec.gov/Archives/edgar/data/1033012/000095012309060067/0000950123-09-060067-index.htm,https://www.sec.gov/Archives/edgar/data/1033012/000095012309060067/k48539e10vq.htm
0,2009-06-30,FBC,2009-08-05,2009-08-05 14:54:16,Q2,194500000,127800000,66700000,0.3429305912596401,0.0,297500000,0.0,0.0,425300000,61978000,127800000,6200000.0,31000000,0.27752617901093024,-102900000,0.21847053428112817,22866000,-102900000,0.21847053428112817,-31300000,-71700000,0.36680233891309333,-29.875,-29.875,2400000.0,2400000.0,https://www.sec.gov/Archives/edgar/data/1033012/000095012309030216/0000950123-09-030216-index.htm,https://www.sec.gov/Archives/edgar/data/1033012/000095012309030216/k48159e10vq.htm
0,2009-03-31,FBC,2009-05-07,2009-05-07 16:57:54,Q1,247700000,128200000,119500000,0.482438433589019,0.0,340900000,0.0,0.0,469100000,44399000,128200000,5800000.0,40800000,-0.5271188692550615,-93200000,-0.5566343372816744,-108930000,-93200000,-0.5566343372816744,-28700000,-64500000,-0.3295859862847098,-71.66667,-71.66667,900000.0,900000.0,https://www.sec.gov/Archives/edgar/data/1033012/000095015209004910/0000950152-09-004910-index.htm,https://www.sec.gov/Archives/edgar/data/1033012/000095015209002608/k47447e10vk.htm
0,2008-12-31,FBC,2009-03-13,2009-03-13 15:09:58,Q4,19400000,131600000,-112200000,-5.783505154639175,0.0,355400000,0.0,0.0,487000000,27974000,131600000,5800000.000000001,-198600000,-19.703247883772587,-336000000,-20.169838506333672,0.0,-336000000,-20.169838506333672,-117500000,-218500000,-13.11538692441616,-273.125,-273.125,800000.0,800000.0,https://www.sec.gov/Archives/edgar/data/1033012/000095015209002608/0000950152-09-002608-index.htm,https://www.sec.gov/Archives/edgar/data/1033012/000095015209002608/k47447e10vk.htm
0,2008-09-30,FBC,2008-11-10,2008-11-10 13:03:01,Q3,64100000,128700000,-64600000,-1.0078003120124805,0.0,159700000,0.0,0.0,288400000,23302000,128700000,6000000.0,39100000,-4.071780055076521,-95500000,-4.313394429145411,0.0,-95500000,-4.313394429145411,-33500000,-62100000,-2.8030337230824793,-56.45455,-56.45455,1100000.0,1100000.0,https://www.sec.gov/Archives/edgar/data/1033012/000095015208009034/0000950152-08-009034-index.htm,https://www.sec.gov/Archives/edgar/data/1033012/000095015208009034/k46945e10vq.htm
0,2008-06-30,FBC,2008-08-05,2008-08-05 15:42:56,Q2,161700000,139200000,22500000,0.1391465677179963,0.0,137500000,0.0,0.0,276700000,19030000,139200000,6600000.0,169900000,0.6693362539074087,24100000,0.5500262395327081,0.0,24100000,0.5500262395327081,8400000.0,15700000,0.3592534282519908,22.42857,22.42857,700000.0,700000.0,https://www.sec.gov/Archives/edgar/data/1033012/000095013708010186/0000950137-08-010186-index.htm,https://www.sec.gov/Archives/edgar/data/1033012/000095013708010186/k34234e10vq.htm
0,2008-03-31,FBC,2008-05-08,2008-05-07 18:46:36,Q1,107500000,156100000,-48600000,-0.45209302325581396,0.0,123500000,0.0,0.0,279600000,12678000,156100000,6400000.0,146500000,-0.15016160819865984,-16000000,-0.2516042569964525,0.0,-16000000,-0.2516042569964525,-5400000.0,-10600000,-0.1671107607410327,-17.66667,-17.66667,600000.0,600000.0,https://www.sec.gov/Archives/edgar/data/1033012/000095013708006973/0000950137-08-006973-index.htm,https://www.sec.gov/Archives/edgar/data/1033012/000095012408001200/k22305e10vk.htm
0,2007-12-31,FBC,2008-03-13,2008-03-13 15:57:19,Q4,72200000,173300000,-101100000,-1.4002770083102494,0.0,118600000,0.0,0.0,291900000,12818000,173300000,84000000,210800000,-0.653025141230756,-46400000,-2.0016387080081075,0.0,-46400000,-2.0016387080081075,-16400000,-30100000,-1.2963042822027686,-50.16667,-50.16667,600000.0,600000.0,https://www.sec.gov/Archives/edgar/data/1033012/000095012408001200/0000950124-08-001200-index.htm,https://www.sec.gov/Archives/edgar/data/1033012/000095012408001200/k22305e10vk.htm
0,2007-09-30,FBC,2007-11-08,2007-11-08 16:32:09,Q3,55200000,183200000,-128000000,-2.318840579710145,0.0,103500000,0.0,0.0,286700000,43367000,183200000,6300000.000000001,141200000,0.3668145420049664,-48300000,-0.3459166875924221,0.0,-48300000,-0.3459166875924221,-16200000,-32100000,-0.25571273122959737,-53.5,-53.5,600000.0,600000.0,https://www.sec.gov/Archives/edgar/data/1033012/000095012407005683/0000950124-07-005683-index.htm,https://www.sec.gov/Archives/edgar/data/1033012/000095012407005683/k21374e10vq.htm
0,2007-06-30,FBC,2007-08-09,2007-08-09 17:00:54,Q2,107300000,171400000,-64100000,-0.5973904939422181,0.0,83700000,0.0,0.0,255100000,13750000,171400000,-8700000.0,186300000,1.7187322342239908,23700000,0.841173962478681,0.0,23700000,0.841173962478681,8500000.0,15100000,0.5376279135872655,25.16667,25.16667,600000.0,600000.0,https://www.sec.gov/Archives/edgar/data/1033012/000095012407004131/0000950124-07-004131-index.htm,https://www.sec.gov/Archives/edgar/data/1033012/000095012407004131/k17616e10vq.htm
0,2007-03-31,FBC,2007-05-08,2007-05-08 16:05:08,Q1,92300000,167700000,-75400000,-0.8169014084507042,0.0,80100000,0.0,0.0,247800000,14637000,167700000,21400000,201300000,1.3368847896954759,12200000,0.48417746680448437,0.0,12200000,0.48417746680448437,4400000.0,7800000.0,0.30845988709549177,13.0,13.0,600000.0,600000.0,https://www.sec.gov/Archives/edgar/data/1033012/000095012407002758/0000950124-07-002758-index.htm,https://www.sec.gov/Archives/edgar/data/1033012/000095012407001209/k12734e10vk.htm
0,2006-12-31,FBC,2007-03-01,2007-02-28 17:36:28,Q4,95500000,159500000,-64000000,-0.6701570680628273,0.0,84600000,0.0,0.0,244100000,22770000,159500000,20600000.00000001,191000000,8.077652485904665,10900000,2.80317785750897,0.0,10900000,2.80317785750897,4000000.0,6900000.0,1.7680676576114813,11.5,11.5,600000.0,600000.0,https://www.sec.gov/Archives/edgar/data/1033012/000095012407001209/0000950124-07-001209-index.htm,https://www.sec.gov/Archives/edgar/data/1033012/000095012407001209/k12734e10vk.htm
0,2006-09-30,FBC,2006-11-01,2006-11-01 17:30:55,Q3,107900000,151900000,-44000000,-0.4077849860982391,0.0,76200000,0.0,0.0,228100000,12523000,151900000,17599999.999999993,201400000,1.0948430344461406,31800000,0.7040330966129068,0.0,31800000,0.7040330966129068,11100000,20800000,0.45912701046437027,34.66667,34.66667,600000.0,600000.0,https://www.sec.gov/Archives/edgar/data/1033012/000095012406006346/0000950124-06-006346-index.htm,https://www.sec.gov/Archives/edgar/data/1033012/000095012406006346/k09569e10vq.htm
0,2006-06-30,FBC,2006-08-04,2006-08-04 16:14:03,Q2,112300000,141900000,-29600000,-0.26357969723953695,0.0,68300000,0.0,0.0,210200000,13385000,141900000,30900000,216900000,2.835098736475751,44100000,1.6681924793826133,0.0,44100000,1.6681924793826133,15500000,28600000,1.0834531285465687,40.85714,40.85714,700000.0,700000.0,https://www.sec.gov/Archives/edgar/data/1033012/000095012406004185/0000950124-06-004185-index.htm,https://www.sec.gov/Archives/edgar/data/1033012/000095012406004185/k07378e10vq.htm
0,2006-03-31,FBC,2006-05-05,2006-05-05 16:20:22,Q1,101300000,132600000,-31300000,-0.3089832181638697,0.0,72200000,0.0,0.0,204800000,11656000,132600000,31600000,193400000,3.5577733551861392,29200000,1.7070358229922735,0.0,29200000,1.7070358229922735,10300000,18900000,1.1068836338094123,31.5,31.5,600000.0,600000.0,https://www.sec.gov/Archives/edgar/data/1033012/000095012406002534/0000950124-06-002534-index.htm,https://www.sec.gov/Archives/edgar/data/1033012/000095012406001263/k02388e10vk.htm
0,2005-12-31,FBC,2006-03-16,2006-03-16 15:00:23,Q4,126000000,132200000,-6200000.0,-0.049206349206349205,0.0,91100000,0.0,0.0,223300000,16228000,132200000,36700000,203900000,3.298518416586395,34900000,1.614467226274024,0.0,34900000,1.614467226274024,12400000,22600000,1.0470620613733315,37.66667,37.66667,600000.0,600000.0,https://www.sec.gov/Archives/edgar/data/1033012/000095012406001263/0000950124-06-001263-index.htm,https://www.sec.gov/Archives/edgar/data/1033012/000095012406001263/k02388e10vk.htm
0,2005-09-30,FBC,2005-10-09,2005-11-09 17:37:58,Q3,109200000,124600000,-15400000,-0.14102564102564102,0.0,94600000,0.0,0.0,219200000,12465000,124600000,37300000,176600000,61.28959810874704,14600000,17.28486997635934,0.0,14600000,17.28486997635934,5200000.0,9500000.0,11.182033096926714,15.83333,15.83333,600000.0,600000.0,https://www.sec.gov/Archives/edgar/data/1033012/000095012405006309/0000950124-05-006309-index.htm,https://www.sec.gov/Archives/edgar/data/1033012/000095012405006309/k99342e10vq.htm
0,2005-06-30,FBC,2005-08-09,2005-08-09 16:08:04,Q2,137700000,107700000,30000000,0.2178649237472767,0.0,94400000,0.0,0.0,202100000,13377000,107700000,28800000,179800000,2.3154889822625653,43300000,1.3899028129711004,0.0,43300000,1.3899028129711004,15500000,27800000,0.89168297142124,46.33333,46.33333,600000.0,600000.0,https://www.sec.gov/Archives/edgar/data/1033012/000095012405004823/0000950124-05-004823-index.htm,https://www.sec.gov/Archives/edgar/data/1033012/000095012405004823/k97190e10vq.htm
0,2005-03-31,FBC,2005-05-10,2005-05-10 16:00:11,Q1,123800000,97900000,25900000,0.20920840064620355,0.0,92700000,0.0,0.0,190600000,12987000,97900000,23200000,152100000,5.53310783107831,31100000,3.157236572365724,0.0,31100000,3.157236572365724,11000000,20000000,2.0272652726527265,33.33333,33.33333,600000.0,600000.0,https://www.sec.gov/Archives/edgar/data/1033012/000095012405003179/0000950124-05-003179-index.htm,https://www.sec.gov/Archives/edgar/data/1033012/000095012405001807/k91866e10vk.htm
0,2004-12-31,FBC,2005-03-23,2005-03-23 10:22:07,Q4,128800000,94500000,34300000,0.266304347826087,0.0,89700000,0.0,0.0,184200000,3234000.0,94500000,22399999.99999999,156100000,-2.601249042597066,39100000,2.327638013315265,0.0,39100000,2.327638013315265,13800000,25400000,1.5092205267189065,42.33333,42.33333,600000.0,600000.0,https://www.sec.gov/Archives/edgar/data/1033012/000095012405001807/0000950124-05-001807-index.htm,https://www.sec.gov/Archives/edgar/data/1033012/000095012405001807/k91866e10vk.htm
0,2004-09-30,FBC,2004-11-09,2004-11-09 11:12:49,Q3,214000000,84900000,129100000,0.6032710280373832,0.0,153700000,0.0,0.0,238600000,14663000,84900000,22900000.000000007,168200000,5.364306597178086,60400000,3.914389220795729,0.0,60400000,3.914389220795729,21200000,39200000,2.5416931485953986,56.0,56.0,700000.0,700000.0,https://www.sec.gov/Archives/edgar/data/1033012/000095012404005444/0000950124-04-005444-index.htm,https://www.sec.gov/Archives/edgar/data/1033012/000095012404005444/k88663e10vq.htm
0,2004-06-30,FBC,2004-08-06,2004-08-06 15:48:02,Q2,130300000,80900000,49400000,0.3791250959324635,0.0,66900000,0.0,0.0,147800000,17120000,80900000,31900000,176200000,3.5460020073603213,63400000,2.3575331772053083,0.0,63400000,2.3575331772053083,22200000,41200000,1.5311698449871751,68.66667,68.66667,600000.0,600000.0,https://www.sec.gov/Archives/edgar/data/1033012/000095012404003647/0000950124-04-003647-index.htm,https://www.sec.gov/Archives/edgar/data/1033012/000095012404003647/k86619e10vq.htm
0,2004-03-31,FBC,2004-05-10,2004-05-10 16:13:57,Q1,129100000,79900000,49200000,0.38109992254066616,0.0,71700000,0.0,0.0,151600000,17785000,79900000,28900000,166200000,2.684271131582223,57400000,1.7856653803062368,0.0,57400000,1.7856653803062368,20400000,37000000,1.1501618324411802,61.66667,61.66667,600000.0,600000.0,https://www.sec.gov/Archives/edgar/data/1033012/000095012404002204/0000950124-04-002204-index.htm,https://www.sec.gov/Archives/edgar/data/1033012/000095012404000936/k82509e10vk.htm
0,2003-12-31,FBC,2004-03-15,2004-03-15 13:43:38,Q4,118200000,80500000,37700000,0.3189509306260575,0.0,62400000,0.0,0.0,142900000,25783000,80500000,24500000,161000000,-4.294937594774291,55900000,3.261985302694506,0.0,55900000,3.261985302694506,19300000,36700000,2.1387495625801938,61.16667,61.16667,600000.0,600000.0,https://www.sec.gov/Archives/edgar/data/1033012/000095012404000936/0000950124-04-000936-index.htm,https://www.sec.gov/Archives/edgar/data/1033012/000095012404000936/k82509e10vk.htm
0,2003-09-30,FBC,2003-11-12,2003-11-12 16:20:39,Q3,209000000,81500000,127500000,0.6100478468899522,0.0,69400000,0.0,0.0,150900000,21752000,81500000,28599999.999999993,249900000,1.8045092639226739,139800000,1.4978085920337767,0.0,139800000,1.4978085920337767,49000000,90800000,0.9727279546501785,151.33333,151.33333,600000.0,600000.0,https://www.sec.gov/Archives/edgar/data/1033012/000095012403003596/0000950124-03-003596-index.htm,https://www.sec.gov/Archives/edgar/data/1033012/000095012403003596/k80607e10vq.htm
0,2003-06-30,FBC,2003-08-12,2003-08-12 13:14:32,Q2,204000000,75200000,128800000,0.6313725490196078,0.0,72300000,0.0,0.0,147500000,15850000,75200000,45600000,252600000,1.1372458469629916,131700000,0.8449105253030594,0.0,131700000,0.8449105253030594,46200000,85600000,0.5489064203707267,142.66667,142.66667,600000.0,600000.0,https://www.sec.gov/Archives/edgar/data/1033012/000095012403002658/0000950124-03-002658-index.htm,https://www.sec.gov/Archives/edgar/data/1033012/000095012403002658/k78903e10vq.htm
0,2003-03-31,FBC,2003-05-09,2003-05-09 12:00:37,Q1,129100000,71200000,57900000,0.44848954298993027,0.0,65500000,0.0,0.0,136700000,16547000,71200000,55400000,190200000,1.309611555428433,63700000,0.700465341415386,0.0,63700000,0.700465341415386,22300000,41300000,0.4546374627341833,68.83333,68.83333,600000.0,600000.0,https://www.sec.gov/Archives/edgar/data/1033012/000095012403001608/0000950124-03-001608-index.htm,https://www.sec.gov/Archives/edgar/data/1033012/000095012403000990/k74331e10vk.htm
0,2002-12-31,FBC,2003-03-31,2003-03-31 08:49:59,Q4,122900000,68500000,54400000,0.44263628966639545,0.0,73000000,0.0,0.0,141500000,24793000,68500000,35099999.99999999,153500000,-0.041521528945869704,49900000,0.6604505781227236,0.0,49900000,0.6604505781227236,17800000,32100000,0.42469835635670106,53.5,53.5,600000.0,600000.0,https://www.sec.gov/Archives/edgar/data/1033012/000095012403000990/0000950124-03-000990-index.htm,https://www.sec.gov/Archives/edgar/data/1033012/000095012403000990/k74331e10vk.htm
0,2002-09-30,FBC,2002-11-14,2002-11-14 19:28:10,Q3,98300000,67100000,31200000,0.31739572736520855,0.0,57200000,0.0,0.0,124300000,17350000,67100000,18500000,145400000,1.3947325372157697,41100000,0.9615807062232713,0.0,41100000,0.9615807062232713,14500000,45300000,0.6220934308616298,75.5,75.5,600000.0,600000.0,https://www.sec.gov/Archives/edgar/data/1033012/000095012402003551/0000950124-02-003551-index.htm,https://www.sec.gov/Archives/edgar/data/1033012/000095012402003551/k72380e10vq.htm
0,2002-06-30,FBC,2002-08-14,2002-08-14 17:10:34,Q2,93100000,62600000,30500000,0.3276047261009667,0.0,52400000,0.0,0.0,115000000,9526000.0,62600000,16100000,119500000,2.266154397420074,40800000,1.6249153959469682,0.0,40800000,1.6249153959469682,14400000,26400000,1.051797587291476,44.0,44.0,600000.0,600000.0,https://www.sec.gov/Archives/edgar/data/1033012/000095012402002769/0000950124-02-002769-index.htm,https://www.sec.gov/Archives/edgar/data/1033012/000095012402002769/k71345e10vq.htm
0,2002-03-31,FBC,2002-05-09,2002-04-01 00:00:00,Q1,107900000,65700000,42200000,0.3911028730305839,0.0,68500000,0.0,0.0,134200000,14429000,65700000,18400000,123500000,1.1370022036832992,39400000,0.7757555485597356,0.0,39400000,0.7757555485597356,13900000,25500000,0.5021840075554856,42.5,42.5,600000.0,600000.0,https://www.sec.gov/Archives/edgar/data/1033012/000095012402001639/0000950124-02-001639-index.htm,https://www.sec.gov/Archives/edgar/data/1033012/000095012402001178/k68504e10-k.htm
0,2001-12-31,FBC,2002-04-01,2002-04-01 00:00:00,Q4,111100000,74700000,36400000,0.3276327632763276,0.0,66400000,0.0,0.0,141100000,18977000,74700000,21500000,140900000,0.1138044037591745,44700000,0.7129837770495355,0.0,44700000,0.7129837770495355,15700000,29000000,0.4628415892533109,48.33333,48.33333,600000.0,600000.0,https://www.sec.gov/Archives/edgar/data/1033012/000095012402001178/0000950124-02-001178-index.htm,https://www.sec.gov/Archives/edgar/data/1033012/000095012402001178/k68504e10-k.htm
0,2001-09-30,FBC,2001-11-13,2001-11-13 00:00:00,Q3,81900000,79100000,2800000.0,0.03418803418803419,0.0,43700000,0.0,0.0,122800000,3273000.0,79100000,17200000.000000004,134600000,0.7256955841748567,38300000,0.298526771060609,0.0,38300000,0.298526771060609,13700000,24600000,0.1914135660636018,41.0,41.0,600000.0,600000.0,https://www.sec.gov/Archives/edgar/data/1033012/000095012401503932/0000950124-01-503932-index.htm,https://www.sec.gov/Archives/edgar/data/1033012/000095012401503932/k66070e10-q.htm
0,2001-06-30,FBC,2001-08-14 00:00:00,2001-08-14 00:00:00,Q2,73700000,84500000,73700000,1.0,0.0,46500000,0.0,0.0,131000000,0.0,84500000,17900000,129600000,0.0,27200000,0.0,0.0,27200000,0.0,9700000.0,17500000,0.0,29.16667,29.16667,600000.0,600000.0,https://www.sec.gov/Archives/edgar/data/1033012/000095012401502856/0000950124-01-502856-index.html,https://www.sec.gov/Archives/edgar/data/1033012/000095012401502856/k64534e10-q.htm
0,2001-03-31,FBC,2001-05-10 00:00:00,2001-05-10 00:00:00,Q1,60000000,86800000,60000000,1.0,0.0,41300000,0.0,0.0,128100000,0.0,86800000,9100000.0,114700000,0.0,18800000,0.0,0.0,18800000,0.0,6900000.0,11900000,0.0,19.83333,19.83333,600000.0,600000.0,https://www.sec.gov/Archives/edgar/data/1033012/000095012401500913/0000950124-01-500913-index.html,https://www.sec.gov/Archives/edgar/data/1033012/000095012401500913/k62294e10-q.htm
0,2000-12-31,FBC,2001-03-30 00:00:00,2001-03-30 00:00:00,Q4,43300000,81600000,43300000,1.0,0.0,31500000,0.0,0.0,113100000,0.0,81600000,6899999.999999999,100200000,0.0,11800000,0.0,0.0,11800000,0.0,4200000.0,7500000.0,0.0,12.5,12.5,600000.0,600000.0,https://www.sec.gov/Archives/edgar/data/1033012/000095012401500218/0000950124-01-500218-index.html,https://www.sec.gov/Archives/edgar/data/1033012/000095012401500218/k61144e10-k.htm
0,2000-09-30,FBC,2000-11-13 00:00:00,2000-11-13 00:00:00,Q3,42100000,79800000,42100000,1.0,0.0,28000000,0.0,0.0,107800000,0.0,79800000,6100000.000000001,100000000,0.0,14100000,0.0,0.0,14100000,0.0,5100000.0,9000000.0,0.0,15.0,15.0,600000.0,600000.0,https://www.sec.gov/Archives/edgar/data/1033012/000095012400006811/0000950124-00-006811-index.html,https://www.sec.gov/Archives/edgar/data/1033012/000095012400006811/k58579e10-q.htm
0,2000-06-30,FBC,2000-08-11 00:00:00,2000-08-11 00:00:00,Q2,40500000,72000000,40500000,1.0,0.0,27100000,0.0,0.0,99100000,0.0,72000000,6799999.999999999,92200000,0.0,13500000,0.0,0.0,13500000,0.0,4800000.0,8600000.0,0.0,17.2,17.2,500000.0,500000.0,https://www.sec.gov/Archives/edgar/data/1033012/000095012400004870/0000950124-00-004870-index.html,https://www.sec.gov/Archives/edgar/data/1033012/000095012400004870/e10-q.htm
0,2000-03-31,FBC,2000-05-12 00:00:00,2000-05-12 00:00:00,Q1,31000000,56700000,31000000,1.0,0.0,25100000,0.0,0.0,81800000,0.0,56700000,6400000.0,69100000,0.0,6000000.0,0.0,0.0,6000000.0,0.0,2200000.0,3800000.0,0.0,6.33333,6.33333,600000.0,600000.0,https://www.sec.gov/Archives/edgar/data/1033012/000095012400003109/0000950124-00-003109-index.html,https://www.sec.gov/Archives/edgar/data/1033012/0000950124-00-003109.txt
0,1999-12-31,FBC,2000-03-30 00:00:00,2000-03-30 00:00:00,Q4,37500000,49100000,37500000,1.0,0.0,24900000,0.0,0.0,74000000,0.0,49100000,6700000.000000003,68500000,0.0,12600000,0.0,0.0,12600000,0.0,4500000.0,8200000.0,0.0,13.66667,13.66667,600000.0,600000.0,https://www.sec.gov/Archives/edgar/data/1033012/000095012400001790/0000950124-00-001790-index.html,https://www.sec.gov/Archives/edgar/data/1033012/0000950124-00-001790.txt
0,1999-09-30,FBC,1999-11-15 00:00:00,1999-11-15 00:00:00,Q3,29500000,44600000,29500000,1.0,0.0,18500000,0.0,0.0,63100000,0.0,44600000,6599999.999999998,62200000,0.0,11000000,0.0,0.0,11000000,0.0,3800000.0,7200000.0,0.0,12.0,12.0,600000.0,600000.0,https://www.sec.gov/Archives/edgar/data/1033012/000095012499006066/0000950124-99-006066-index.html,https://www.sec.gov/Archives/edgar/data/1033012/0000950124-99-006066.txt
0,1999-06-30,FBC,1999-08-13 00:00:00,1999-08-13 00:00:00,Q2,39400000,41800000,39400000,1.0,0.0,21400000,0.0,0.0,63200000,0.0,41800000,3500000.0,63300000,0.0,18000000,0.0,0.0,18000000,0.0,6300000.0,11700000,0.0,19.5,19.5,600000.0,600000.0,https://www.sec.gov/Archives/edgar/data/1033012/000095012499004752/0000950124-99-004752-index.html,https://www.sec.gov/Archives/edgar/data/1033012/0000950124-99-004752.txt
0,1999-03-31,FBC,1999-05-13 00:00:00,1999-05-13 00:00:00,Q1,40500000,38200000,40500000,1.0,0.0,23000000,0.0,0.0,61200000,0.0,38200000,8300000.0,64000000,0.0,17500000,0.0,0.0,17500000,0.0,6100000.0,11400000,0.0,19.0,19.0,600000.0,600000.0,https://www.sec.gov/Archives/edgar/data/1033012/000095012499003192/0000950124-99-003192-index.html,https://www.sec.gov/Archives/edgar/data/1033012/0000950124-99-003192.txt
0,1998-12-31,FBC,1999-03-25 00:00:00,1999-03-25 00:00:00,Q4,55900000,39800000,55900000,1.0,0.0,39600000,0.0,0.0,79400000,0.0,39800000,14599999.999999998,70700000,0.0,16300000,0.0,0.0,16300000,0.0,3500000.0,12800000,0.0,21.33333,21.33333,600000.0,600000.0,https://www.sec.gov/Archives/edgar/data/1033012/000095012499002037/0000950124-99-002037-index.html,https://www.sec.gov/Archives/edgar/data/1033012/0000950124-99-002037.txt
0,1998-09-30,FBC,1998-11-13 00:00:00,1998-11-13 00:00:00,Q3,42300000,36000000,42300000,1.0,0.0,24300000,0.0,0.0,60300000,0.0,36000000,9900000.0,64000000,0.0,18100000,0.0,0.0,18100000,0.0,7800000.0,10300000,0.0,17.16667,17.16667,600000.0,600000.0,https://www.sec.gov/Archives/edgar/data/1033012/000095012498006567/0000950124-98-006567-index.html,https://www.sec.gov/Archives/edgar/data/1033012/0000950124-98-006567.txt
0,1998-06-30,FBC,1998-08-13 00:00:00,1998-08-13 00:00:00,Q2,44000000,34000000,44000000,1.0,0.0,23700000,0.0,0.0,57700000,0.0,34000000,8300000.0,62500000,0.0,20200000,0.0,0.0,20200000,0.0,10000000,10200000,0.0,17.0,17.0,600000.0,600000.0,https://www.sec.gov/Archives/edgar/data/1033012/000092838598001680/0000928385-98-001680-index.html,https://www.sec.gov/Archives/edgar/data/1033012/0000928385-98-001680.txt
0,1998-03-31,FBC,1998-05-14 00:00:00,1998-05-14 00:00:00,Q1,30400000,27400000,30400000,1.0,0.0,17900000,0.0,0.0,45300000,0.0,27400000,7100000.0,47000000,0.0,12500000,0.0,0.0,12500000,0.0,4700000.0,7800000.0,0.0,13.0,13.0,600000.0,600000.0,https://www.sec.gov/Archives/edgar/data/1033012/000092838598001029/0000928385-98-001029-index.html,https://www.sec.gov/Archives/edgar/data/1033012/0000928385-98-001029.txt
0,1997-12-31,FBC,,Not found...,Q4,28600000,25400000,28600000,1.0,0.0,18600000,0.0,0.0,44000000,0.0,25400000,5199999.999999999,40700000,0.0,10100000,0.0,0.0,10100000,0.0,4200000.0,5900000.0,0.0,9.83333,9.83333,600000.0,600000.0,,
0,1997-09-30,FBC,1997-11-13 00:00:00,1997-11-13 00:00:00,Q3,25000000,21000000,25000000,1.0,0.0,15200000,0.0,0.0,36200000,0.0,21000000,4200000.0,34900000,0.0,9700000.0,0.0,0.0,9700000.0,0.0,3500000.0,6200000.0,0.0,10.33333,10.33333,600000.0,600000.0,https://www.sec.gov/Archives/edgar/data/1033012/000092838597001839/0000928385-97-001839-index.html,https://www.sec.gov/Archives/edgar/data/1033012/0000928385-97-001839.txt
0,1997-06-30,FBC,1997-08-14 00:00:00,1997-08-14 00:00:00,Q2,25600000,18300000,25600000,1.0,0.0,17600000,0.0,0.0,35900000,0.0,18300000,3900000.0,30300000,0.0,8100000.0,0.0,0.0,8100000.0,0.0,3000000.0,5100000.0,0.0,8.5,8.5,600000.0,600000.0,https://www.sec.gov/Archives/edgar/data/1033012/000095010997005447/0000950109-97-005447-index.html,https://www.sec.gov/Archives/edgar/data/1033012/0000950109-97-005447.txt
