,date,symbol,fillingDate,acceptedDate,period,revenue,costOfRevenue,grossProfit,grossProfitRatio,researchAndDevelopmentExpenses,generalAndAdministrativeExpenses,sellingAndMarketingExpenses,otherExpenses,operatingExpenses,costAndExpenses,interestExpense,depreciationAndAmortization,ebitda,ebitdaratio,operatingIncome,operatingIncomeRatio,totalOtherIncomeExpensesNet,incomeBeforeTax,incomeBeforeTaxRatio,incomeTaxExpense,netIncome,netIncomeRatio,eps,epsdiluted,weightedAverageShsOut,weightedAverageShsOutDil,link,finalLink
0,2020-06-30,UNM,2020-07-29 00:00:00,2020-07-29 13:14:10,Q2,2418400000,0.0,0.0,0.0,0.0,233200000,0.0,256300000,2636100000,2636100000,-47500000,27299999.999999996,317400000,0.131244,385100000,0.159238,0.0,337600000,0.139596,72100000,265500000,0.109783,1.30357,1.30357,203671100,203671100,https://www.sec.gov/Archives/edgar/data/5513/000000551320000111/0000005513-20-000111-index.htm,https://www.sec.gov/Archives/edgar/data/5513/000000551320000111/unm-20200630.htm
0,2020-03-31,UNM,2020-05-05 00:00:00,2020-05-05 16:13:44,Q1,2430100000,0.0,0.0,0.35397582807983,0.0,239500000,0.0,235600000,2623300000,2623300000,45700000,28500000,276300000,0.113699,247800000,0.101971,0.0,202100000,0.083165,41100000,161000000,0.066252,0.79172,0.79172,203355700,203355700,https://www.sec.gov/Archives/edgar/data/5513/000000551320000076/0000005513-20-000076-index.html,https://www.sec.gov/Archives/edgar/data/5513/000000551320000076/unm-20200331.htm
0,2019-12-31,UNM,2020-02-18 00:00:00,2020-02-18 16:33:40,Q4,2409100000,0.0,0.0,0.0,0.0,221400000,0.0,248100000,2615100000,2615100000,-177000000,27500000,227900000,0.0946,424000000,0.175999,0.0,377400000,0.156656,81200000,296200000,0.12295,1.43599,1.43599,206268200,206268200,https://www.sec.gov/Archives/edgar/data/5513/000000551320000027/0000005513-20-000027-index.html,https://www.sec.gov/Archives/edgar/data/5513/000000551320000027/unm-20191231.htm
0,2019-09-30,UNM,2019-10-30 00:00:00,2019-10-30 12:52:23,Q3,2386800000,0.0,0.0,0.3677364864864865,0.0,226500000,0.0,227700000,2635300000,2635300000,46100000,27699999.999999996,373200000,0.15636,345500000,0.144754,0.0,299400000,0.12544,57400000,242000000,0.101391,1.16335,1.16335,208020600,208020600,https://www.sec.gov/Archives/edgar/data/5513/000000551319000133/0000005513-19-000133-index.html,https://www.sec.gov/Archives/edgar/data/5513/000000551319000133/unm09302019-10xq.htm
0,2019-06-30,UNM,2019-07-31 00:00:00,2019-07-31 11:52:35,Q2,2399100000,0.0,0.0,0.3693108363443498,0.0,223900000,0.0,229900000,2622100000,2622100000,42600000,27500000,422100000,0.175941,394600000,0.164478,0.0,352000000,0.146722,70800000,281200000,0.117211,1.33199,1.33199,211112600,211112600,https://www.sec.gov/Archives/edgar/data/5513/000000551319000122/0000005513-19-000122-index.html,https://www.sec.gov/Archives/edgar/data/5513/000000551319000122/unm06302019-10xq.htm
0,2019-03-31,UNM,2019-05-01 00:00:00,2019-05-01 11:37:04,Q1,2391800000,0.0,0.0,0.38385326014191995,0.0,226500000,0.0,237900000,2592200000,2592200000,42100000,27400000,422800000,0.176771,395400000,0.165315,0.0,353300000,0.147713,72400000,280900000,0.117443,1.30999,1.30999,214429700,214429700,https://www.sec.gov/Archives/edgar/data/5513/000000551319000074/0000005513-19-000074-index.html,https://www.sec.gov/Archives/edgar/data/5513/000000551319000074/unm03312019-10xq.htm
0,2018-12-31,UNM,2019-02-19 00:00:00,2019-02-19 16:37:08,Q4,2313600000,0.0,0.0,0.3649333518467093,0.0,219800000,0.0,233300000,2545600000,2545600000,42000000,26500000,378200000,0.163468,351700000,0.152014,0.0,309700000,0.133861,60600000,249100000,0.107668,1.14584,1.14584,217395500,217395500,https://www.sec.gov/Archives/edgar/data/5513/000000551319000004/0000005513-19-000004-index.html,https://www.sec.gov/Archives/edgar/data/5513/000000551319000004/unm12312018-10xk.htm
0,2018-09-30,UNM,2018-10-25 00:00:00,2018-10-25 11:38:38,Q3,2301900000,0.0,0.0,0.11916797595464171,0.0,224200000,0.0,212900000,3262900000,3262900000,42700000,25400000.000000007,-309700000,-0.134541,-335100000,-0.145575,0.0,-377800000,-0.164125,-93100000,-284700000,-0.12368,-1.30059,-1.30059,218900000,218900000,https://www.sec.gov/Archives/edgar/data/5513/000000551318000094/0000005513-18-000094-index.html,https://www.sec.gov/Archives/edgar/data/5513/000000551318000094/unm09302018-10xq.htm
0,2018-06-30,UNM,2018-07-31 00:00:00,2018-07-31 11:42:15,Q2,2269300000,0.0,0.0,0.3758087395772065,0.0,220200000,0.0,220800000,2493100000,2493100000,42400000,24900000,422100000,0.186004,397200000,0.175032,0.0,354800000,0.156348,69300000,285500000,0.12581,1.29127,1.29127,221100000,221100000,https://www.sec.gov/Archives/edgar/data/5513/000000551318000073/0000005513-18-000073-index.html,https://www.sec.gov/Archives/edgar/data/5513/000000551318000073/unm06302018-10xq.htm
0,2018-03-31,UNM,2018-05-02 00:00:00,2018-05-02 11:39:53,Q1,2299500000,0.0,0.0,0.3765002069250931,0.0,221700000,0.0,224200000,2519300000,2519300000,40200000,24600000,405900000,0.176517,381300000,0.165819,0.0,341100000,0.148337,67600000,273500000,0.118939,1.22866,1.22866,222600000,222600000,https://www.sec.gov/Archives/edgar/data/5513/000000551318000049/0000005513-18-000049-index.html,https://www.sec.gov/Archives/edgar/data/5513/000000551318000049/unm03312018-10xq.htm
0,2017-12-31,UNM,2018-02-21 00:00:00,2018-02-21 17:08:06,Q4,2208000000,0.0,0.0,0.36985770639616794,0.0,199700000,0.0,232400000,2461900000,2461900000,40100000,25000000,441900000,0.200136,385400000,0.174547,0.0,345300000,0.156386,109900000,266900000,0.120879,1.18728,1.18728,224800000,224800000,https://www.sec.gov/Archives/edgar/data/5513/000000551318000016/0000005513-18-000016-index.html,https://www.sec.gov/Archives/edgar/data/5513/000000551318000016/unm12312017-10xk.htm
0,2017-09-30,UNM,2017-10-26 00:00:00,2017-10-26 11:53:20,Q3,2200300000,0.0,0.0,0.37370082650491293,0.0,221800000,0.0,193500000,2412200000,2412200000,40100000,25000000.000000007,431900000,0.196291,406900000,0.184929,0.0,366800000,0.166705,114500000,252300000,0.114666,1.11637,1.11637,226000000,226000000,https://www.sec.gov/Archives/edgar/data/5513/000000551317000079/0000005513-17-000079-index.html,https://www.sec.gov/Archives/edgar/data/5513/000000551317000079/unm09302017-10xq.htm
0,2017-06-30,UNM,2017-07-28 00:00:00,2017-07-28 09:47:33,Q2,2193400000,0.0,0.0,0.37916371367824236,0.0,215900000,0.0,206200000,2420500000,2420500000,39900000,26900000,428400000,0.195313,401500000,0.183049,0.0,361600000,0.164858,116500000,245100000,0.111744,1.07406,1.07406,228200000,228200000,https://www.sec.gov/Archives/edgar/data/5513/000000551317000071/0000005513-17-000071-index.html,https://www.sec.gov/Archives/edgar/data/5513/000000551317000071/unm06302017-10xq.htm
0,2017-03-31,UNM,2017-04-27 00:00:00,2017-04-27 11:14:44,Q1,2193100000,0.0,0.0,0.3768038482095136,0.0,207000000,0.0,230800000,2436400000,2436400000,39800000,26500000,396600000,0.18084,370100000,0.168757,0.0,330300000,0.150609,100400000,229900000,0.104829,0.99783,0.99783,230400000,230400000,https://www.sec.gov/Archives/edgar/data/5513/000000551317000046/0000005513-17-000046-index.html,https://www.sec.gov/Archives/edgar/data/5513/000000551317000046/unm03312017-10xq.htm
0,2016-12-31,UNM,2017-02-22 00:00:00,2017-02-22 15:30:07,Q4,2150200000,0.0,0.0,0.37925978902199176,0.0,211500000,0.0,212700000,2385500000,2385500000,39800000,25799999.999999996,436800000,0.203144,411000000,0.191145,0.0,371200000,0.172635,123200000,248000000,0.115338,1.06667,1.06667,232500000,232500000,https://www.sec.gov/Archives/edgar/data/5513/000000551317000018/0000005513-17-000018-index.html,https://www.sec.gov/Archives/edgar/data/5513/000000551317000018/unm12312016-10xk.htm
0,2016-09-30,UNM,2016-10-27 00:00:00,2016-10-27 10:57:21,Q3,2140900000,0.0,0.0,0.36937719393478813,0.0,210100000,0.0,205500000,2386000000,2386000000,45200000,25300000.000000004,402600000,0.188052,377300000,0.176234,0.0,332100000,0.155122,96100000,236000000,0.110234,1.00769,1.00769,234200000,234200000,https://www.sec.gov/Archives/edgar/data/5513/000000551316000064/0000005513-16-000064-index.html,https://www.sec.gov/Archives/edgar/data/5513/000000551316000064/unm09302016-10xq.htm
0,2016-06-30,UNM,2016-07-28,2016-07-28 11:11:27,Q2,2132700000,0.0,0.0,0.37221598522435084,0.0,202900000,0.0,207800000,2388100000,2388100000,42400000,25200000.000000004,407800000,0.191213,382600000,0.179397,0.0,340200000,0.159516,103400000,236800000,0.111033,0.99789,0.99789,237300000,237300000,https://www.sec.gov/Archives/edgar/data/5513/000000551316000058/unm06302016-10xq.htm,https://www.sec.gov/Archives/edgar/data/5513/000000551316000058/unm06302016-10xq.htm
0,2016-03-31,UNM,2016-04-28 00:00:00,2016-04-28 11:49:14,Q1,2139500000,0.0,0.0,0.36530417553386657,0.0,207600000,0.0,205600000,2403700000,2403700000,38600000,25400000,368200000,0.172096,342800000,0.160224,0.0,304200000,0.142183,93600000,210600000,0.098434,0.87787,0.87787,239900000,239900000,https://www.sec.gov/Archives/edgar/data/5513/000000551316000050/0000005513-16-000050-index.html,https://www.sec.gov/Archives/edgar/data/5513/000000551316000050/unm03312016-10xq.htm
0,2015-12-31,UNM,2016-02-24 00:00:00,2016-02-24 15:57:41,Q4,2088700000,0.0,0.0,0.3626212165736115,0.0,211100000,0.0,209800000,2377300000,2377300000,38900000,25500000,381000000,0.18241,355500000,0.170202,0.0,316600000,0.151578,90500000,226100000,0.108249,0.92778,0.92778,243700000,243700000,https://www.sec.gov/Archives/edgar/data/5513/000000551316000045/0000005513-16-000045-index.html,https://www.sec.gov/Archives/edgar/data/5513/000000551316000045/unm12312015-10xk.htm
0,2015-09-30,UNM,2015-10-29 00:00:00,2015-10-29 11:10:11,Q3,2072300000,0.0,0.0,0.36379712544209497,0.0,205900000,0.0,200100000,2330200000,2330200000,38100000,25400000,362400000,0.174878,337000000,0.162621,0.0,298900000,0.144236,95100000,203800000,0.098345,0.82745,0.82745,246300000,246300000,https://www.sec.gov/Archives/edgar/data/5513/000000551315000038/0000005513-15-000038-index.html,https://www.sec.gov/Archives/edgar/data/5513/000000551315000038/unm09302015-10xq.htm
0,2015-06-30,UNM,2015-07-30 00:00:00,2015-07-30 10:10:15,Q2,2072200000,0.0,0.0,0.37019639752931166,0.0,205000000,0.0,210100000,2354000000,2354000000,38000000,25100000,382900000,0.184779,357800000,0.172667,0.0,319800000,0.154329,95500000,224300000,0.108242,0.90008,0.90008,249200000,249200000,https://www.sec.gov/Archives/edgar/data/5513/000000551315000032/0000005513-15-000032-index.html,https://www.sec.gov/Archives/edgar/data/5513/000000551315000032/unm06302015-10xq.htm
0,2015-03-31,UNM,2015-04-30 00:00:00,2015-04-30 10:31:13,Q1,2060700000,0.0,0.0,0.37527385359220367,0.0,213100000,0.0,193400000,2311100000,2311100000,37800000,23500000,364300000,0.176785,340800000,0.165381,0.0,303000000,0.147037,90100000,212900000,0.103314,0.84417,0.84417,252200000,252200000,https://www.sec.gov/Archives/edgar/data/5513/000000551315000020/0000005513-15-000020-index.html,https://www.sec.gov/Archives/edgar/data/5513/000000551315000020/unm03312015-10xq.htm
0,2014-12-31,UNM,2015-02-25,2015-02-25 13:50:49,Q4,2023600000,0.0,0.0,0.09985961983533787,0.0,213800000,0.0,265200000,3068600000,3068600000,38500000,21900000.000000007,-394200000,-0.194801,-416100000,-0.205624,0.0,-454600000,-0.224649,-172400000,-282200000,-0.139454,-1.11807,-1.11807,252400000,252400000,https://www.sec.gov/Archives/edgar/data/5513/000000551315000010/unm12312014-10xk.htm,https://www.sec.gov/Archives/edgar/data/5513/000000551315000010/unm12312014-10xk.htm
0,2014-09-30,UNM,2014-10-30 00:00:00,2014-10-30 10:32:31,Q3,2001800000,0.0,0.0,0.3662911014026213,0.0,206100000,0.0,187100000,2258900000,2258900000,38400000,23100000,378500000,0.18908,355400000,0.17754,0.0,317000000,0.158357,97900000,219100000,0.109451,0.85989,0.85989,254800000,254800000,https://www.sec.gov/Archives/edgar/data/5513/000000551314000033/0000005513-14-000033-index.html,https://www.sec.gov/Archives/edgar/data/5513/000000551314000033/unm09302014-10xq.htm
0,2014-06-30,UNM,2014-07-31 00:00:00,2014-07-31 10:34:18,Q2,1998500000,0.0,0.0,0.3768984360278877,0.0,200000000,0.0,190100000,2254300000,2254300000,52700000,22099999.999999996,424600000,0.212459,402500000,0.201401,0.0,349800000,0.175031,110400000,239400000,0.11979,0.92827,0.92827,257900000,257900000,https://www.sec.gov/Archives/edgar/data/5513/000000551314000026/0000005513-14-000026-index.html,https://www.sec.gov/Archives/edgar/data/5513/000000551314000026/unm06302014-10xq.htm
0,2014-03-31,UNM,2014-05-08 00:00:00,2014-05-08 11:10:09,Q1,1992300000,0.0,0.0,0.3752441499751063,0.0,201000000,0.0,188800000,2246700000,2246700000,37900000,20800000,388500000,0.195001,367700000,0.184561,0.0,329800000,0.165537,104000000,225800000,0.113336,0.86613,0.86613,260700000,260700000,https://www.sec.gov/Archives/edgar/data/5513/000000551314000016/0000005513-14-000016-index.html,https://www.sec.gov/Archives/edgar/data/5513/000000551314000016/unm03312014-10xq.htm
0,2013-12-31,UNM,2014-02-26,2014-02-26 16:07:11,Q4,1947500000,0.0,0.0,0.364395638388369,0.0,201700000,0.0,191700000,2242800000,2242800000,37600000,21400000,364800000,0.187317,343400000,0.176329,0.0,305800000,0.157022,84600000,221200000,0.113582,0.84267,0.84267,262500000,262500000,https://www.sec.gov/Archives/edgar/data/5513/000000551314000008/unm12312013-10xk.htm,https://www.sec.gov/Archives/edgar/data/5513/000000551314000008/unm12312013-10xk.htm
0,2013-09-30,UNM,2013-11-05 00:00:00,2013-11-05 10:35:45,Q3,1951500000,0.0,0.0,0.353929709945295,0.0,196200000,0.0,178200000,2219400000,2219400000,37400000,20699999.999999996,342200000,0.175352,321500000,0.164745,0.0,284100000,0.14558,78400000,205700000,0.105406,0.77828,0.77828,264300000,264300000,https://www.sec.gov/Archives/edgar/data/5513/000000551313000030/0000005513-13-000030-index.html,https://www.sec.gov/Archives/edgar/data/5513/000000551313000030/unm9302013-10xq.htm
0,2013-06-30,UNM,2013-08-06 00:00:00,2013-08-06 10:17:15,Q2,1962500000,0.0,0.0,0.36131288673661555,0.0,194900000,0.0,187600000,2253100000,2253100000,37300000,21500000.000000004,370300000,0.188688,348800000,0.177732,0.0,311500000,0.158726,92900000,218600000,0.111389,0.81965,0.81965,266700000,266700000,https://www.sec.gov/Archives/edgar/data/5513/000000551313000019/0000005513-13-000019-index.html,https://www.sec.gov/Archives/edgar/data/5513/000000551313000019/unm6302013-10xq.htm
0,2013-03-31,UNM,2013-05-02 00:00:00,2013-05-02 11:09:28,Q1,1993400000,0.0,0.0,0.3719521487351417,0.0,197600000,0.0,194000000,2284700000,2284700000,37100000,21200000,362100000,0.181649,340900000,0.171014,0.0,303800000,0.152403,91200000,212600000,0.106652,0.78624,0.78624,270400000,270400000,https://www.sec.gov/Archives/edgar/data/5513/000000551313000012/0000005513-13-000012-index.html,https://www.sec.gov/Archives/edgar/data/5513/000000551313000012/unm3312013-10xq.htm
0,2012-12-31,UNM,2013-02-22 00:00:00,2013-02-22 11:14:51,Q4,1990600000,0.0,0.0,0.3645323903393274,0.0,197500000,0.0,210900000,2297400000,2297400000,38100000,20799999.999999996,381600000,0.191701,360800000,0.181252,0.0,322700000,0.162112,88800000,233900000,0.117502,0.8549,0.8549,273600000,273600000,https://www.sec.gov/Archives/edgar/data/5513/000000551313000007/0000005513-13-000007-index.html,https://www.sec.gov/Archives/edgar/data/5513/000000551313000007/unm12312012-10xk.htm
0,2012-09-30,UNM,2012-11-01 00:00:00,2012-11-01 11:20:53,Q3,1987500000,0.0,0.0,0.3581050228310502,0.0,187000000,0.0,193400000,2271000000,2271000000,36600000,22299999.999999996,379300000,0.190843,357000000,0.179623,0.0,320400000,0.161208,90200000,230200000,0.115824,0.82657,0.82657,278500000,278500000,https://www.sec.gov/Archives/edgar/data/5513/000000551312000033/0000005513-12-000033-index.html,https://www.sec.gov/Archives/edgar/data/5513/000000551312000033/unm9302012-10xq.htm
0,2012-06-30,UNM,2012-08-02 00:00:00,2012-08-02 11:21:13,Q2,1986500000,0.0,0.0,0.35704190381603573,0.0,195400000,0.0,196900000,2286300000,2286300000,35200000,20700000.000000004,352300000,0.177347,331600000,0.166927,0.0,296400000,0.149207,80000000,216400000,0.108935,0.76278,0.76278,283700000,283700000,https://www.sec.gov/Archives/edgar/data/5513/000000551312000028/0000005513-12-000028-index.html,https://www.sec.gov/Archives/edgar/data/5513/000000551312000028/unm6302012-10xq.htm
0,2012-03-31,UNM,2012-05-02,2012-05-02 10:24:42,Q1,1979400000,0.0,0.0,0.36319074790334316,0.0,206900000,0.0,181700000,2265800000,2265800000,35500000,20500000,366000000,0.184905,345500000,0.174548,0.0,310000000,0.156613,96100000,213900000,0.108063,0.73429,0.73429,291300000,291300000,https://www.sec.gov/Archives/edgar/data/5513/000000551312000014/unm3312012-10xq.htm,https://www.sec.gov/Archives/edgar/data/5513/000000551312000014/unm3312012-10xq.htm
0,2011-12-31,UNM,2012-02-24 00:00:00,2012-02-24 09:18:54,Q4,1962800000,0.0,0.0,0.08572635135135136,0.0,209100000,0.0,199800000,3202600000,3202600000,35200000,20899999.99999999,-561200000,-0.285918,-582100000,-0.296566,0.0,-617300000,-0.3145,0.0,-617300000,-0.3145,-2.10971,-2.10971,292600000,292600000,https://www.sec.gov/Archives/edgar/data/5513/000000551312000006/0000005513-12-000006-index.html,https://www.sec.gov/Archives/edgar/data/5513/000000551312000006/unm12312011-10xk.htm
0,2011-09-30,UNM,2011-11-02 00:00:00,2011-11-02 10:18:51,Q3,1940300000,0.0,0.0,0.35747957259585167,0.0,198300000,0.0,193200000,2223000000,2223000000,35100000,20500000,344300000,0.177447,323800000,0.166881,0.0,288700000,0.148791,86700000,202000000,0.104108,0.67513,0.67513,299200000,299200000,https://www.sec.gov/Archives/edgar/data/5513/000000551311000047/0000005513-11-000047-index.html,https://www.sec.gov/Archives/edgar/data/5513/000000551311000047/unm9302011-10xq.htm
0,2011-06-30,UNM,2011-08-03 00:00:00,2011-08-03 11:02:32,Q2,1931000000,0.0,0.0,0.3763306687463443,0.0,198700000,0.0,196700000,2195600000,2195600000,35100000,20400000.000000004,390000000,0.201968,369600000,0.191403,0.0,334500000,0.173226,106900000,227600000,0.117866,0.7404,0.7404,307400000,307400000,https://www.sec.gov/Archives/edgar/data/5513/000000551311000042/0000005513-11-000042-index.html,https://www.sec.gov/Archives/edgar/data/5513/000000551311000042/unm6302011-10xq.htm
0,2011-03-31,UNM,2011-05-04 00:00:00,2011-05-04 10:18:36,Q1,1929200000,0.0,0.0,0.37848698841246925,0.0,201900000,0.0,195800000,2200100000,2200100000,37900000,19300000,384600000,0.199357,365300000,0.189353,0.0,327400000,0.169708,103800000,223600000,0.115903,0.71142,0.71142,314300000,314300000,https://www.sec.gov/Archives/edgar/data/5513/000119312511125267/0001193125-11-125267-index.html,https://www.sec.gov/Archives/edgar/data/5513/000119312511125267/d10q.htm
0,2010-12-31,UNM,,,Q4,0.0,0.0,0.0,0.0,0.0,193500000,0.0,5935700000,7961200000,7961200000,-39100000,19300000.000000004,304300000,0.0,-7293900000,0.0,7657100000,324100000,0.0,0.0,324100000,0.0,1.01822,1.01822,318300000,318300000,,
0,2010-11-19,UNM,2011-02-25,2011-02-25 14:00:07,Q4,-7600100000,4736000000,2864100000,-0.37685030460125524,0.0,-582800000,0.0,0.0,-582800000,-5318800000,-102700000,-56100000,-56100000,0.138406073604,-995800000,0.131024591782,0.0,-995800000,0.131024591782,-335500000,-660300000,0.0868804357837,-2.01091,-2.01091,328358208,328358208,https://www.sec.gov/Archives/edgar/data/5513/000119312511047064/0001193125-11-047064-index.htm,https://www.sec.gov/Archives/edgar/data/5513/000119312511047064/d10k.htm
0,2010-09-30,UNM,2010-11-03 00:00:00,2010-11-03 10:16:22,Q3,1908400000,0.0,0.0,0.3720083864076902,0.0,194100000,0.0,190900000,2166200000,2166200000,35200000,19100000,380800000,0.199539,361700000,0.18953,0.0,326500000,0.171086,105700000,220800000,0.115699,0.68043,0.68043,324500000,324500000,https://www.sec.gov/Archives/edgar/data/5513/000119312510245531/0001193125-10-245531-index.html,https://www.sec.gov/Archives/edgar/data/5513/000119312510245531/d10q.htm
0,2010-06-30,UNM,2010-08-04 00:00:00,2010-08-04 10:31:15,Q2,1910300000,0.0,0.0,0.37082769059189036,0.0,191400000,0.0,203400000,2178600000,2178600000,34100000,18800000,361000000,0.188976,342200000,0.179134,0.0,308100000,0.161284,98400000,209700000,0.109773,0.63049,0.63049,332600000,332600000,https://www.sec.gov/Archives/edgar/data/5513/000119312510176490/0001193125-10-176490-index.html,https://www.sec.gov/Archives/edgar/data/5513/000119312510176490/d10q.htm
0,2010-03-31,UNM,2010-05-05 00:00:00,2010-05-05 11:14:10,Q1,1923000000,0.0,0.0,0.3875312304809494,0.0,197300000,0.0,196200000,2167200000,2167200000,33400000,18200000,412800000,0.214665,394600000,0.2052,0.0,361200000,0.187832,131400000,229800000,0.119501,0.68906,0.68906,333500000,333500000,https://www.sec.gov/Archives/edgar/data/5513/000119312510108084/0001193125-10-108084-index.html,https://www.sec.gov/Archives/edgar/data/5513/000119312510108084/d10q.htm
0,2009-12-31,UNM,2010-02-26 00:00:00,2010-02-26 15:22:50,Q4,0.0,0.0,0.0,1.0,0.0,0.0,0.0,6061900000,7825200000,7825200000,-35000000,19500000,272000000,-0.0500600720865038,-7410700000,-0.05766920304365238,7732700000,287500000,0.11854225070084101,93400000,194100000,0.07969563476171405,0.58288,0.58288,333000000,333000000,https://www.sec.gov/Archives/edgar/data/5513/000119312510042716/0001193125-10-042716-index.html,https://www.sec.gov/Archives/edgar/data/5513/000119312510042716/d10k.htm
0,2009-09-30,UNM,2009-11-04 00:00:00,2009-11-04 10:02:27,Q3,1920900000,0.0,0.0,1.0,0.0,201000000,0.0,198400000,2186500000,2186500000,-27000000,18900000,326500000,0.169972,362500000,0.188714,0.0,334600000,0.174189,113500000,221100000,0.115102,0.66476,0.66476,332600000,332600000,https://www.sec.gov/Archives/edgar/data/5513/000119312509223170/0001193125-09-223170-index.html,https://www.sec.gov/Archives/edgar/data/5513/000119312509223170/d10q.htm
0,2009-06-30,UNM,2009-08-05 00:00:00,2009-08-05 16:06:34,Q2,1950000000,0.0,0.0,1.0,0.0,196200000,0.0,209500000,2241400000,2241400000,-31000000,18500000,398700000,0.204462,441600000,0.226462,0.0,411200000,0.210872,144000000,267200000,0.137026,0.80482,0.80482,332000000,332000000,https://www.sec.gov/Archives/edgar/data/5513/000119312509165373/0001193125-09-165373-index.html,https://www.sec.gov/Archives/edgar/data/5513/000119312509165373/d10q.htm
0,2009-03-31,UNM,2009-04-30 00:00:00,2009-04-30 11:18:08,Q1,1939800000,0.0,0.0,1.0,0.0,190100000,0.0,205500000,2239300000,2239300000,-32000000,17600000,236200000,0.121765,283200000,0.145994,0.0,250600000,0.129189,85700000,164900000,0.085009,0.49819,0.49819,331000000,331000000,https://www.sec.gov/Archives/edgar/data/5513/000119312509093519/0001193125-09-093519-index.html,https://www.sec.gov/Archives/edgar/data/5513/000119312509093519/d10q.htm
0,2008-12-31,UNM,2009-02-24 00:00:00,2009-02-24 16:58:03,Q4,2323700000,0.0,0.0,0.0,0.0,195400000,0.0,197400000,2236000000,2236000000,-156000000,18199999.999999996,-85300000,-0.036709,87700000,0.037742,0.0,52500000,0.022593,10700000,41800000,0.017989,0.12636,0.12636,330800000,330800000,https://www.sec.gov/Archives/edgar/data/5513/000119312509036287/0001193125-09-036287-index.html,https://www.sec.gov/Archives/edgar/data/5513/000119312509036287/d10k.htm
0,2008-09-30,UNM,2008-10-31 00:00:00,2008-10-31 10:31:03,Q3,2013800000,0.0,0.0,1.0,0.0,199500000,0.0,203000000,2245700000,2245700000,-37000000,16100000,138900000,0.068974,197000000,0.097825,0.0,159800000,0.079352,51800000,108000000,0.05363,0.31962,0.31962,337900000,337900000,https://www.sec.gov/Archives/edgar/data/5513/000119312508221054/0001193125-08-221054-index.html,https://www.sec.gov/Archives/edgar/data/5513/000119312508221054/d10q.htm
0,2008-06-30,UNM,2008-08-01 00:00:00,2008-08-01 09:18:32,Q2,2036100000,0.0,0.0,1.0,0.0,191800000,0.0,214400000,2267900000,2267900000,-84000000,18300000,301300000,0.147979,407400000,0.200088,0.0,367000000,0.180247,126700000,240300000,0.11802,0.69451,0.69451,346000000,346000000,https://www.sec.gov/Archives/edgar/data/5513/000119312508163352/0001193125-08-163352-index.html,https://www.sec.gov/Archives/edgar/data/5513/000119312508163352/d10q.htm
0,2008-03-31,UNM,2008-05-02 00:00:00,2008-05-02 16:06:01,Q1,2017700000,0.0,0.0,0.0,0.0,185900000,0.0,205900000,2252000000,2252000000,-43900000,16200000,217000000,0.107548,288600000,0.143034,0.0,244700000,0.121277,81600000,163100000,0.080835,0.46401,0.46401,351500000,351500000,https://www.sec.gov/Archives/edgar/data/5513/000119312508100733/0001193125-08-100733-index.html,https://www.sec.gov/Archives/edgar/data/5513/000119312508100733/d10q.htm
0,2007-12-31,UNM,2008-02-25,2008-02-25 16:14:39,Q4,2643500000,0.0,0.0,0.0,0.0,0.0,0.0,632700000,2536600000,2536600000,-241000000,17600000,2000000.0,0.000757,106900000,0.040439,0.0,225400000,0.085266,64900000,160500000,0.060715,0.4446,0.4446,361000000,361000000,https://www.sec.gov/Archives/edgar/data/5513/000119312508037458/d10k.htm,https://www.sec.gov/Archives/edgar/data/5513/000119312508037458/d10k.htm
0,2007-09-30,UNM,2007-11-05 00:00:00,2007-11-05 14:02:45,Q3,2053100000,0.0,0.0,1.0,0.0,179900000,0.0,189900000,2287300000,2287300000,-44000000,16200000.000000004,251200000,0.122352,322900000,0.157274,0.0,279000000,0.135892,92000000,187000000,0.091082,0.51815,0.51815,360900000,360900000,https://www.sec.gov/Archives/edgar/data/5513/000119312507234850/0001193125-07-234850-index.html,https://www.sec.gov/Archives/edgar/data/5513/000119312507234850/d10q.htm
0,2007-06-30,UNM,2007-08-07 00:00:00,2007-08-07 17:00:52,Q2,2057400000,0.0,0.0,1.0,0.0,177400000,0.0,198800000,2388200000,2388200000,-45000000,15500000,203400000,0.098863,277400000,0.13483,0.0,232900000,0.113201,79400000,153500000,0.074609,0.43264,0.43264,354800000,354800000,https://www.sec.gov/Archives/edgar/data/5513/000119312507173846/0001193125-07-173846-index.html,https://www.sec.gov/Archives/edgar/data/5513/000119312507173846/d10q.htm
0,2007-03-31,UNM,2007-05-07 00:00:00,2007-05-07 16:19:06,Q1,2014800000,0.0,0.0,1.0,0.0,173300000,0.0,198300000,2294800000,2294800000,-45000000,16900000,238700000,0.118473,305800000,0.151777,0.0,259900000,0.128995,88500000,178300000,0.088495,0.51472,0.51472,346400000,346400000,https://www.sec.gov/Archives/edgar/data/5513/000119312507104333/0001193125-07-104333-index.html,https://www.sec.gov/Archives/edgar/data/5513/000119312507104333/d10q.htm
0,2006-12-31,UNM,2007-03-01,2007-02-28 19:43:59,Q4,2094000000,0.0,0.0,1.0,0.0,339900000,0.0,26200000,2384700000,2384700000,-45800000,28000000,249700000,0.119245,311400000,0.148711,0.0,265600000,0.126839,-8600000.0,276100000,0.131853,0.63927,0.63927,431900000,431900000,https://www.sec.gov/Archives/edgar/data/5513/000119312507043039/d10k.htm,https://www.sec.gov/Archives/edgar/data/5513/000119312507043039/d10k.htm
0,2006-09-30,UNM,2006-11-07,2006-11-07 17:24:11,Q3,2033800000,0.0,0.0,1.0,0.0,169600000,0.0,224800000,2670600000,2670600000,-45000000,18500000,-122300000,-0.060134,-53200000,-0.026158,0.0,-97400000,-0.047891,-32100000,-63700000,-0.031321,-0.18697,-0.18697,340700000,340700000,https://www.sec.gov/Archives/edgar/data/5513/000119312506226870/d10q.htm,https://www.sec.gov/Archives/edgar/data/5513/000119312506226870/d10q.htm
0,2006-06-30,UNM,2006-08-07,2006-08-07 14:18:02,Q2,2050900000,0.0,0.0,1.0,0.0,171000000,0.0,194400000,2383400000,2383400000,-43000000,15200000,163700000,0.079819,238300000,0.116193,0.0,189600000,0.092447,66300000,125200000,0.061046,0.37951,0.37951,329900000,329900000,https://www.sec.gov/Archives/edgar/data/5513/000119312506163525/d10q.htm,https://www.sec.gov/Archives/edgar/data/5513/000119312506163525/d10q.htm
0,2006-03-31,UNM,2006-05-08,2006-05-08 14:08:45,Q1,2033800000,0.0,0.0,1.0,0.0,165100000,0.0,206700000,2439400000,2439400000,-58000000,18800000,70400000,0.034615,160700000,0.079015,0.0,107600000,0.052906,36200000,73400000,0.03609,0.22966,0.22966,319600000,319600000,https://www.sec.gov/Archives/edgar/data/5513/000119312506103260/d10q.htm,https://www.sec.gov/Archives/edgar/data/5513/000119312506103260/d10q.htm
0,2005-12-31,UNM,2006-03-03,2006-03-03 13:15:59,Q4,2486800000,0.0,0.0,1.0,0.0,93700000,0.0,216800000,2308600000,2308600000,-53000000,26800000,161600000,0.064983,178200000,0.071658,0.0,178200000,0.071658,50300000,137500000,0.055292,0.43144,0.43144,318700000,318700000,https://www.sec.gov/Archives/edgar/data/5513/000119312506044828/d10k.htm,https://www.sec.gov/Archives/edgar/data/5513/000119312506044828/d10k.htm
0,2005-09-30,UNM,2005-11-07,2005-11-07 17:01:54,Q3,2068100000,0.0,0.0,1.0,0.0,187700000,0.0,237600000,2425800000,2425800000,-50000000,20500000,38800000,0.018761,118100000,0.057106,0.0,68300000,0.033025,15700000,52600000,0.025434,0.1672,0.1672,314600000,314600000,https://www.sec.gov/Archives/edgar/data/5513/000119312505218326/d10q.htm,https://www.sec.gov/Archives/edgar/data/5513/000119312505218326/d10q.htm
0,2005-06-30,UNM,2005-08-08,2005-08-08 12:10:07,Q2,2043000000,0.0,0.0,1.0,0.0,192800000,0.0,224400000,2338000000,2338000000,-53000000,24100000,236900000,0.115957,318700000,0.155996,0.0,265800000,0.130103,94500000,171300000,0.083847,0.55419,0.55419,309100000,309100000,https://www.sec.gov/Archives/edgar/data/5513/000119312505160289/d10q.htm,https://www.sec.gov/Archives/edgar/data/5513/000119312505160289/d10q.htm
0,2005-03-31,UNM,2005-05-09,2005-05-09 14:45:06,Q1,2047100000,0.0,0.0,1.0,0.0,184800000,0.0,224800000,2337500000,2337500000,-52000000,16400000,146000000,0.07132,234400000,0.114503,0.0,181600000,0.088711,29400000,152200000,0.074349,0.4948,0.4948,307600000,307600000,https://www.sec.gov/Archives/edgar/data/5513/000119312505100669/d10q.htm,https://www.sec.gov/Archives/edgar/data/5513/000119312505100669/d10q.htm
0,2004-12-31,UNM,2005-03-14,2005-03-14 17:13:51,Q4,2499500000,0.0,0.0,1.0,0.0,86300000,0.0,250200000,2372900000,2372900000,-53000000,128199999.99999993,210999999.99999994,0.084417,126600000,0.05065,0.0,126600000,0.05065,1300000.0,134500000,0.053811,0.45516,0.45516,295500000,295500000,https://www.sec.gov/Archives/edgar/data/5513/000119312505049609/d10k.htm,https://www.sec.gov/Archives/edgar/data/5513/000119312505049609/d10k.htm
0,2004-09-30,UNM,2004-11-05,2004-11-05 17:15:18,Q3,2063600000,0.0,0.0,1.0,0.0,182100000,0.0,217200000,2346100000,2346100000,-54000000,132000000,333800000,0.161756,309200000,0.149835,0.0,255800000,0.123958,88200000,167600000,0.081217,0.55204,0.55204,303600000,303600000,https://www.sec.gov/Archives/edgar/data/5513/000119312504188017/d10q.htm,https://www.sec.gov/Archives/edgar/data/5513/000119312504188017/d10q.htm
0,2004-06-30,UNM,2004-08-05,2004-08-05 15:18:02,Q2,2062900000,0.0,0.0,1.0,0.0,185100000,0.0,222700000,2345700000,2345700000,-51000000,130500000.00000003,123800000.00000003,0.060013,163600000,0.079306,0.0,112100000,0.054341,37100000,7200000.0,0.00349,0.02388,0.02388,301500000,301500000,https://www.sec.gov/Archives/edgar/data/5513/000119312504132556/d10q.htm,https://www.sec.gov/Archives/edgar/data/5513/000119312504132556/d10q.htm
0,2004-03-31,UNM,2004-05-06,2004-05-06 16:52:59,Q1,2064200000,0.0,0.0,1.0,0.0,187700000,0.0,235800000,3344700000,3344700000,-49000000,132100000,-680100000,-0.329474,-721000000,-0.349288,0.0,-770200000,-0.373123,-200900000,-562300000,-0.272406,-1.9061,-1.9061,295000000,295000000,https://www.sec.gov/Archives/edgar/data/5513/000119312504080679/d10q.htm,https://www.sec.gov/Archives/edgar/data/5513/000119312504080679/d10q.htm
0,2003-12-31,UNM,2004-03-12,2004-03-11 20:56:42,Q4,2338300000,0.0,0.0,0.0,0.0,0.0,0.0,292000000,2686300000,2686300000,0.0,139800000,-337500000,-0.144336,-348000000,-0.148826,0.0,-348000000,-0.148826,-130100000,-347200000,-0.148484,-1.17456,-1.17456,295600000,295600000,https://www.sec.gov/Archives/edgar/data/5513/000119312504039447/d10k.htm,https://www.sec.gov/Archives/edgar/data/5513/000119312504039447/d10k.htm
0,2003-09-30,UNM,2003-11-13,2003-11-13 16:04:16,Q3,2026800000,0.0,0.0,1.0,0.0,195400000,0.0,225800000,2358600000,2358600000,-50000000,144100000.00000003,252200000.00000003,0.124433,197700000,0.097543,0.0,147700000,0.072873,49400000,108700000,0.053631,0.36391,0.36391,298700000,298700000,https://www.sec.gov/Archives/edgar/data/5513/000119312503080121/d10q.htm,https://www.sec.gov/Archives/edgar/data/5513/000119312503080121/d10q.htm
0,2003-06-30,UNM,2003-08-13,2003-08-13 16:30:08,Q2,2020700000,0.0,0.0,1.0,0.0,192500000,0.0,219600000,2345900000,2345900000,-46000000,144500000,240300000,0.118919,183300000,0.090711,0.0,137400000,0.067996,43300000,98500000,0.048745,0.35975,0.35975,273800000,273800000,https://www.sec.gov/Archives/edgar/data/5513/000119312503036008/d10q.htm,https://www.sec.gov/Archives/edgar/data/5513/000119312503036008/d10q.htm
0,2003-03-31,UNM,2003-05-14,2003-05-14 16:47:14,Q1,1960600000,0.0,0.0,1.0,0.0,190600000,0.0,236500000,2742800000,2742800000,-41000000,142500000,-285400000,-0.145568,-348000000,-0.177497,0.0,-389500000,-0.198664,-140500000,-246400000,-0.125676,-1.01987,-1.01987,241600000,241600000,https://www.sec.gov/Archives/edgar/data/5513/000093176303001608/d10q.htm,https://www.sec.gov/Archives/edgar/data/5513/000093176303001608/d10q.htm
0,2002-12-31,UNM,2003-03-31,2003-03-31 10:16:40,Q4,1902100000,0.0,0.0,0.0,0.0,0.0,0.0,199900000,1786800000,1786800000,-162000000,117199999.99999993,92699999.99999993,0.048736,115300000,0.060617,0.0,115300000,0.060617,35300000,102200000,0.05373,0.42214,0.42214,242100000,242100000,https://www.sec.gov/Archives/edgar/data/5513/000093176303000772/d10k.htm,https://www.sec.gov/Archives/edgar/data/5513/000093176303000772/d10k.htm
0,2002-09-30,UNM,2002-11-13,2002-11-13 17:10:08,Q3,1981200000,0.0,0.0,1.0,0.0,0.0,0.0,400900000,2231900000,2231900000,-43000000,129300000,261600000,0.132041,218200000,0.110135,0.0,175300000,0.088482,61900000,113400000,0.057238,0.46801,0.46801,242300000,242300000,https://www.sec.gov/Archives/edgar/data/5513/000093176302003445/d10q.htm,https://www.sec.gov/Archives/edgar/data/5513/000093176302003445/d10q.htm
0,2002-06-30,UNM,2002-08-13 00:00:00,2002-08-13 15:37:58,Q2,1970800000,0.0,0.0,1.0,0.0,0.0,0.0,415100000,2214900000,2214900000,-39000000,127800000.00000001,236800000,0.120154,186700000,0.094733,0.0,148000000,0.075096,50300000,97700000,0.049574,0.40074,0.40074,243800000,243800000,https://www.sec.gov/Archives/edgar/data/5513/000095016802002296/0000950168-02-002296-index.html,https://www.sec.gov/Archives/edgar/data/5513/000095016802002296/d10q.htm
0,2002-03-31,UNM,2002-05-14 00:00:00,2002-05-13 17:33:24,Q1,1916400000,0.0,0.0,0.0,0.0,0.0,0.0,407500000,2156400000,2156400000,-38400000,136000000,233300000,0.121739,174100000,0.090847,0.0,135700000,0.07081,40700000,95000000,0.049572,0.38918,0.38918,244100000,244100000,https://www.sec.gov/Archives/edgar/data/5513/000093176302001727/0000931763-02-001727-index.html,https://www.sec.gov/Archives/edgar/data/5513/000093176302001727/d10q.htm
0,2001-12-31,UNM,2002-03-28 00:00:00,2002-03-28 00:00:00,Q4,3419400000,0.0,0.0,0.0,0.0,0.0,0.0,515900000,1925100000,1925100000,0.0,546400000,674100000,0.19714,-3900000.0,-0.001141,0.0,124200000,0.036322,41700000,86000000,0.025151,0.34566,0.34566,248800000,248800000,https://www.sec.gov/Archives/edgar/data/5513/000093176302000948/0000931763-02-000948-index.html,https://www.sec.gov/Archives/edgar/data/5513/000093176302000948/d10k.txt
0,2001-09-30,UNM,2001-11-14 00:00:00,2001-11-14 00:00:00,Q3,1871000000,0.0,0.0,0.0,0.0,0.0,0.0,383300000,2143100000,2143100000,-41100000,0.0,152100000,0.081293,234300000,0.125227,0.0,193200000,0.10326,66100000,127100000,0.067932,0.52133,0.52133,243800000,243800000,https://www.sec.gov/Archives/edgar/data/5513/000093176301502105/0000931763-01-502105-index.html,https://www.sec.gov/Archives/edgar/data/5513/000093176301502105/d10q.txt
0,2001-06-30,UNM,2001-08-10 00:00:00,2001-08-10 00:00:00,Q2,1864500000,0.0,0.0,0.0,0.0,0.0,0.0,391300000,2107900000,2107900000,-44200000,0.0,166700000,0.089407,255100000,0.13682,0.0,210900000,0.113113,64800000,146100000,0.078359,0.59877,0.59877,244000000,244000000,https://www.sec.gov/Archives/edgar/data/5513/000093176301501367/0000931763-01-501367-index.html,https://www.sec.gov/Archives/edgar/data/5513/000093176301501367/d10q.txt
0,2001-03-31,UNM,2001-05-11 00:00:00,2001-05-11 00:00:00,Q1,1847600000,0.0,0.0,0.0,0.0,0.0,0.0,401800000,2072600000,2072600000,-42800000,0.0,182700000,0.098885,268300000,0.145215,0.0,225500000,0.12205,43500000,182000000,0.098506,0.74836,0.74836,243200000,243200000,https://www.sec.gov/Archives/edgar/data/5513/000093176301500560/0000931763-01-500560-index.html,https://www.sec.gov/Archives/edgar/data/5513/000093176301500560/d10q.txt
0,2000-12-31,UNM,2001-03-28 00:00:00,2001-03-28 00:00:00,Q4,1822100000,0.0,0.0,0.0,0.0,0.0,0.0,259700000,2026100000,2026100000,-45600000,0.0,185500000,0.101806,276700000,0.151858,0.0,231100000,0.126832,81500000,149600000,0.082103,0.61564,0.61564,243000000,243000000,https://www.sec.gov/Archives/edgar/data/5513/000093176301000575/0000931763-01-000575-index.html,https://www.sec.gov/Archives/edgar/data/5513/000093176301000575/0000931763-01-000575-0001.txt
0,2000-09-30,UNM,2000-11-14 00:00:00,2000-11-14 00:00:00,Q3,1843300000,0.0,0.0,0.0,0.0,0.0,0.0,334800000,2056000000,2056000000,-47200000,0.0,161300000,0.087506,255700000,0.138719,0.0,208500000,0.113112,71500000,137000000,0.074323,0.56565,0.56565,242200000,242200000,https://www.sec.gov/Archives/edgar/data/5513/000093176300002534/0000931763-00-002534-index.html,https://www.sec.gov/Archives/edgar/data/5513/000093176300002534/0000931763-00-002534-0001.txt
0,2000-06-30,UNM,2000-08-11 00:00:00,2000-08-11 00:00:00,Q2,1878900000,0.0,0.0,0.0,0.0,0.0,0.0,345100000,2159000000,2159000000,-45100000,0.0,174500000,0.092873,264700000,0.14088,0.0,219600000,0.116877,76500000,143100000,0.076162,0.5923,0.5923,241600000,241600000,https://www.sec.gov/Archives/edgar/data/5513/000093176300001934/0000931763-00-001934-index.html,https://www.sec.gov/Archives/edgar/data/5513/000093176300001934/0000931763-00-001934-0001.txt
0,2000-03-31,UNM,2000-05-15 00:00:00,2000-05-15 00:00:00,Q1,1842200000,0.0,0.0,0.0,0.0,0.0,0.0,355600000,2143800000,2143800000,-43900000,0.0,162500000,0.08821,250300000,0.13587,0.0,206400000,0.11204,71900000,134500000,0.073011,0.55717,0.55717,241400000,241400000,https://www.sec.gov/Archives/edgar/data/5513/000093176300001347/0000931763-00-001347-index.html,https://www.sec.gov/Archives/edgar/data/5513/0000931763-00-001347.txt
0,1999-12-31,UNM,,,Q4,1823300000,0.0,0.0,0.0,0.0,0.0,0.0,374700000,2104100000,2104100000,-37000000,0.0,171700000,0.09417,245700000,0.134756,0.0,208700000,0.114463,72700000,136000000,0.07459,0.5599,0.5599,242900000,242900000,,
0,1999-09-30,UNM,1999-11-15 00:00:00,1999-11-15 00:00:00,Q3,1841800000,0.0,0.0,0.0,0.0,0.0,0.0,422900000,2661600000,2661600000,-34300000,0.0,-297100000,-0.16131,-228500000,-0.124063,0.0,-262800000,-0.142687,-45800000,-217000000,-0.11782,-0.9053,-0.9053,239700000,239700000,https://www.sec.gov/Archives/edgar/data/5513/000093176399003222/0000931763-99-003222-index.html,https://www.sec.gov/Archives/edgar/data/5513/0000931763-99-003222.txt
0,1999-06-30,UNM,1999-08-13 00:00:00,1999-08-13 00:00:00,Q2,1755400000,0.0,0.0,0.0,0.0,0.0,0.0,668400000,2518600000,2518600000,-33600000,0.0,-308200000,-0.175573,-241000000,-0.137291,0.0,-274600000,-0.156432,-83400000,-191200000,-0.108921,-0.80201,-0.80201,238400000,238400000,https://www.sec.gov/Archives/edgar/data/5513/000093176399002380/0000931763-99-002380-index.html,https://www.sec.gov/Archives/edgar/data/5513/0000931763-99-002380.txt
0,1999-03-31,UNM,1999-05-17 00:00:00,1999-05-17 00:00:00,Q1,1762300000,0.0,0.0,0.0,0.0,0.0,0.0,403700000,2073000000,2073000000,-32900000,0.0,130300000,0.073937,196100000,0.111275,0.0,163200000,0.092606,73900000,89300000,0.050672,0.36855,0.36855,242300000,242300000,https://www.sec.gov/Archives/edgar/data/5513/000093176399001727/0000931763-99-001727-index.html,https://www.sec.gov/Archives/edgar/data/5513/0000931763-99-001727.txt
0,1998-12-31,UNM,,,Q4,1638600000,0.0,0.0,0.0,0.0,0.0,0.0,392600000,2004400000,2004400000,-29300000,0.0,102200000,0.06237,160800000,0.098133,0.0,131500000,0.080251,38500000,93000000,0.056756,0.39207,0.39207,237200000,237200000,,
0,1998-09-30,UNM,1998-11-13 00:00:00,1998-11-13 00:00:00,Q3,1634100000,0.0,0.0,0.0,0.0,0.0,0.0,353600000,1836400000,1836400000,-32600000,0.0,243300000,0.148889,308500000,0.188789,0.0,275900000,0.168839,89600000,186300000,0.114008,0.76888,0.76888,242300000,242300000,https://www.sec.gov/Archives/edgar/data/5513/000093176398002912/0000931763-98-002912-index.html,https://www.sec.gov/Archives/edgar/data/5513/0000931763-98-002912.txt
0,1998-06-30,UNM,1998-08-14 00:00:00,1998-08-14 00:00:00,Q2,1588500000,0.0,0.0,0.0,0.0,0.0,0.0,351800000,1810900000,1810900000,-30700000,0.0,234800000,0.147812,296200000,0.186465,0.0,265500000,0.167139,92000000,173500000,0.109223,0.71458,0.71458,242800000,242800000,https://www.sec.gov/Archives/edgar/data/5513/000093176398002178/0000931763-98-002178-index.html,https://www.sec.gov/Archives/edgar/data/5513/0000931763-98-002178.txt
0,1998-03-31,UNM,1998-05-14 00:00:00,1998-05-14 00:00:00,Q1,1567700000,0.0,0.0,0.0,0.0,0.0,0.0,364200000,1827500000,1827500000,-27300000,0.0,220000000,0.140333,274600000,0.175161,0.0,247300000,0.157747,82700000,164600000,0.104995,0.67848,0.67848,242600000,242600000,https://www.sec.gov/Archives/edgar/data/5513/000093176398001369/0000931763-98-001369-index.html,https://www.sec.gov/Archives/edgar/data/5513/0000931763-98-001369.txt
