,date,symbol,fillingDate,acceptedDate,period,revenue,costOfRevenue,grossProfit,grossProfitRatio,researchAndDevelopmentExpenses,generalAndAdministrativeExpenses,sellingAndMarketingExpenses,otherExpenses,operatingExpenses,costAndExpenses,interestExpense,depreciationAndAmortization,ebitda,ebitdaratio,operatingIncome,operatingIncomeRatio,totalOtherIncomeExpensesNet,incomeBeforeTax,incomeBeforeTaxRatio,incomeTaxExpense,netIncome,netIncomeRatio,eps,epsdiluted,weightedAverageShsOut,weightedAverageShsOutDil,link,finalLink
0,2020-06-30,FMBI,2020-08-06 00:00:00,2020-08-06 17:26:27,Q2,178225000,0,178225000,1,0,152979000,0,0,169789000,0,16810000,7048000,49104000,0,25246000,0,0,25246000,0,6182000,19064000,0,0.16821,0.16821,113336000,113336000,https://www.sec.gov/Archives/edgar/data/702325/000070232520000036/0000702325-20-000036-index.htm,https://www.sec.gov/Archives/edgar/data/702325/000070232520000036/fmbi-20200630.htm
0,2020-03-31,FMBI,2020-05-08 00:00:00,2020-05-08 17:23:49,Q1,182937000,26652000,182937000,1,0,156863000,0,15415000,183515000,0,26652000,6939000,59665000,0.15317194099643416,26074000,0.15317194099643416,0,26074000,0.15317194099643416,6468000,19606000,0.11517561843890804,0.17765,0.17765,110365000,110365000,https://www.sec.gov/Archives/edgar/data/702325/000070232520000017/0000702325-20-000017-index.html,https://www.sec.gov/Archives/edgar/data/702325/000070232520000017/fmbi-20200331.htm
0,2019-12-31,FMBI,2020-02-28 00:00:00,2020-02-28 15:53:58,Q4,194855000,28245000,194855000,1,0,126342000,0,6057000,154587000,-152394000,28245000,6927999.999999999,103686000,0.482889477551,68513000,0.461805485343,0,68513000,0.461805485343,16392000,52121000,0.351316738452,0.47557,0.47557,109598000,109598000,https://www.sec.gov/Archives/edgar/data/702325/000070232520000010/0000702325-20-000010-index.html,https://www.sec.gov/Archives/edgar/data/702325/000070232520000010/fmbi-20191231.htm
0,2019-09-30,FMBI,2019-11-06 00:00:00,2019-11-06 16:08:47,Q3,193738000,31176000,193738000,1,0,120893000,0,43494000,152069000,66543000,31176000,6839000,110860000,0.663770749468,72845000,0.697314755251,0,72845000,0.483098675615,18300000,54545000,0.36173542812,0.49739,0.49739,109662000,109662000,https://www.sec.gov/Archives/edgar/data/702325/000070232519000068/0000702325-19-000068-index.html,https://www.sec.gov/Archives/edgar/data/702325/000070232519000068/fmbi0930201910-q.htm
0,2019-06-30,FMBI,2019-08-07,2019-08-06 19:40:09,Q2,188838000,27370000,188838000,1,0,125633000,0,29107000,153003000,63600000,27370000,6667000,97242000,0.267729788706,63205000,0.205599020704,0,63205000,0.420492043217,16191000,47014000,0.312776092394,0.43344,0.43344,108467000,108467000,https://www.sec.gov/Archives/edgar/data/702325/000070232519000052/fmbi0630201910-q.htm,https://www.sec.gov/Archives/edgar/data/702325/000070232519000052/fmbi0630201910-q.htm
0,2019-03-31,FMBI,2019-05-09 00:00:00,2019-05-09 17:13:19,Q1,173930000,23466000,173930000,1,0,112554000,0,12953000,136020000,61969000,23466000,6413000,91255000,0.468386753366,61376000,0.441477730464,0,61376000,0.441477730464,15318000,46058000,0.331295315917,0.43545,0.43545,105770000,105770000,https://www.sec.gov/Archives/edgar/data/702325/000070232519000039/0000702325-19-000039-index.html,https://www.sec.gov/Archives/edgar/data/702325/000070232519000039/fmbi0331201910-q.htm
0,2018-12-31,FMBI,2019-03-01 00:00:00,2019-03-01 13:21:37,Q4,175091000,20898000,175091000,1,0,120639000,0,2928000,141537000,-138672000,20898000,6209000.000000001,82461000,0.409697826573,54452000,0.392789387502,0,54452000,0.392789387502,13946000,41408000,0.29869652093,0.39384,0.39384,105140000,105140000,https://www.sec.gov/Archives/edgar/data/702325/000070232519000020/0000702325-19-000020-index.html,https://www.sec.gov/Archives/edgar/data/702325/000070232519000020/fmbi1231201810-k.htm
0,2018-09-30,FMBI,2018-11-06 00:00:00,2018-11-06 16:02:40,Q3,167700000,17500000,167700000,1,0,107700000,0,40083000,125200000,58923000,17500000,5900000,91200000,0.470684026752,60000000,0.454210123687,0,60000000,0.454210123687,14400000,53400000,0.404099161535,0.5225,0.5225,102200000,102200000,https://www.sec.gov/Archives/edgar/data/702325/000070232518000070/0000702325-18-000070-index.html,https://www.sec.gov/Archives/edgar/data/702325/000070232518000070/fmbi0930201810-q.htm
0,2018-06-30,FMBI,2018-08-07 00:00:00,2018-08-07 17:23:42,Q2,164300000,14700000,164300000,1,0,125000000,0,25542000,139700000,62769000,14700000,5800000,59800000,0.323398978046,39300000,0.308626955409,0,39300000,0.308626955409,9700000,29600000,0.232333618518,0.28963,0.28963,102200000,102200000,https://www.sec.gov/Archives/edgar/data/702325/000070232518000056/0000702325-18-000056-index.html,https://www.sec.gov/Archives/edgar/data/702325/000070232518000056/fmbi0630201810-q.htm
0,2018-03-31,FMBI,2018-05-07 00:00:00,2018-05-07 15:53:09,Q1,154100000,12800000,154100000,1,0,110800000,0,11603000,123600000,61558000,12800000,5400000,61500000,0.378507628856,43300000,0.365350067053,0,43300000,0.365350067053,9800000,33500000,0.282634548721,0.32875,0.32875,101900000,101900000,https://www.sec.gov/Archives/edgar/data/702325/000070232518000020/0000702325-18-000020-index.html,https://www.sec.gov/Archives/edgar/data/702325/000070232518000020/fmbi0331201810-q.htm
0,2017-12-31,FMBI,2018-02-28 00:00:00,2018-02-28 12:07:33,Q4,154200000,10300000,154200000,1,0,110300000,0,3486000,120600000,-136876000,10300000,5300000.000000001,32800000,0.415684105555,43900000,0.367766967511,0,43900000,0.367766967511,14900000,2300000,0.0196679823349,0.02259,0.02259,101800000,101800000,https://www.sec.gov/Archives/edgar/data/702325/000070232518000012/0000702325-18-000012-index.html,https://www.sec.gov/Archives/edgar/data/702325/000070232518000012/fmbi1231201710-k.htm
0,2017-09-30,FMBI,2017-11-06 00:00:00,2017-11-06 17:32:05,Q3,163200000,10000000,163200000,1,0,107300000,0,0,117300000,60143000,10000000,16600000,82500000,0.466599384451,55900000,0.466599384451,0,55900000,0.466599384451,17700000,38200000,0.318909360847,0.37525,0.37525,101800000,101800000,https://www.sec.gov/Archives/edgar/data/702325/000070232517000081/0000702325-17-000081-index.html,https://www.sec.gov/Archives/edgar/data/702325/000070232517000081/fmbi0930201710-q.htm
0,2017-06-30,FMBI,2017-08-08 00:00:00,2017-08-08 12:46:36,Q2,162500000,8900000,162500000,1,0,108000000,0,0,116900000,59060000,8900000,0,63500000,0.463825553014,54500000,0.463825553014,0,54500000,0.463825553014,19600000,35000000,0.297236845462,0.34381,0.34381,101800000,101800000,https://www.sec.gov/Archives/edgar/data/702325/000070232517000068/0000702325-17-000068-index.html,https://www.sec.gov/Archives/edgar/data/702325/000070232517000068/fmbi0630201710-q.htm
0,2017-03-31,FMBI,2017-05-10 00:00:00,2017-05-10 17:08:32,Q1,155200000,8500000,155200000,1,0,121500000,0,0,130000000,60205000,8500000,0,42100000,0.291570092971,33600000,0.291570092971,0,33600000,0.291570092971,10700000,22900000,0.19839926387,0.22809,0.22809,100400000,100400000,https://www.sec.gov/Archives/edgar/data/702325/000070232517000050/0000702325-17-000050-index.html,https://www.sec.gov/Archives/edgar/data/702325/000070232517000050/fmbi0331201710-q.htm
0,2016-12-31,FMBI,2017-02-28 00:00:00,2017-02-28 16:38:42,Q4,127700000,8300000,127700000,1,0,98000000,0,4822000,106300000,-112793000,8300000,0,38000000,0.381577751522,29800000,0.338078251386,0,29800000,0.338078251386,9000000,20700000,0.235367627011,0.25746,0.25746,80400000,80400000,https://www.sec.gov/Archives/edgar/data/702325/000070232517000018/0000702325-17-000018-index.html,https://www.sec.gov/Archives/edgar/data/702325/000070232517000018/fmbi1231201610-k.htm
0,2016-09-30,FMBI,2016-11-04 00:00:00,2016-11-04 16:37:15,Q3,136900000,6900000,136900000,1,0,92900000,0,-313000,99800000,50253000,6900000,0,50800000,0.482994767621,43900000,0.482994767621,0,43900000,0.482994767621,15500000,28400000,0.31220595348,0.35323,0.35323,80400000,80400000,https://www.sec.gov/Archives/edgar/data/702325/000070232516000206/0000702325-16-000206-index.html,https://www.sec.gov/Archives/edgar/data/702325/000070232516000206/fmbi0930201610-q.htm
0,2016-06-30,FMBI,2016-08-03 00:00:00,2016-08-03 15:00:02,Q2,127800000,6600000,127800000,1,0,89500000,0,-14779000,96100000,49936000,6600000,0,45000000,0.426356675298,38400000,0.426356675298,0,38400000,0.426356675298,13100000,25300000,0.280803725231,0.31468,0.31468,80400000,80400000,https://www.sec.gov/Archives/edgar/data/702325/000070232516000188/0000702325-16-000188-index.html,https://www.sec.gov/Archives/edgar/data/702325/000070232516000188/fmbi0630201610-q.htm
0,2016-03-31,FMBI,2016-05-04 00:00:00,2016-05-04 16:08:15,Q1,116600000,6800000,116600000,1,0,90200000,0,12993000,97000000,48295000,6800000,0,33300000,0.32779939044,26500000,0.32779939044,0,26500000,0.32779939044,8500000,18000000,0.222538840845,0.23077,0.23077,78000000,78000000,https://www.sec.gov/Archives/edgar/data/702325/000070232516000136/0000702325-16-000136-index.html,https://www.sec.gov/Archives/edgar/data/702325/000070232516000136/fmbi0331201610-q.htm
0,2015-12-31,FMBI,2016-02-23 00:00:00,2016-02-23 16:09:13,Q4,114500000,6700000,114500000,1,0,91200000,0,3967000,97900000,-100086000,6700000,17300000,47200000,0.457429626211,23200000,0.297992616521,0,23200000,0.297992616521,6900000,16300000,0.209249858996,0.21141,0.21141,77100000,77100000,https://www.sec.gov/Archives/edgar/data/702325/000070232516000114/0000702325-16-000114-index.html,https://www.sec.gov/Archives/edgar/data/702325/000070232516000114/fmbi1231201510-k.htm
0,2015-09-30,FMBI,2015-11-02 00:00:00,2015-11-02 17:00:08,Q3,112900000,6400000,112900000,1,0,78500000,0,36793000,84900000,45034000,6400000,0,40900000,0.442235115915,34500000,0.442235115915,0,34500000,0.442235115915,11200000,23300000,0.298888346897,0.3022,0.3022,77100000,77100000,https://www.sec.gov/Archives/edgar/data/702325/000070232515000058/0000702325-15-000058-index.html,https://www.sec.gov/Archives/edgar/data/702325/000070232515000058/fmbi0930201510-q.htm
0,2015-06-30,FMBI,2015-07-31 00:00:00,2015-07-31 17:14:48,Q2,112900000,5700000,112900000,1,0,79500000,0,24330000,85200000,43821000,5700000,0,39200000,0.423804212821,33400000,0.423804212821,0,33400000,0.423804212821,10900000,22600000,0.28610174647,0.29313,0.29313,77100000,77100000,https://www.sec.gov/Archives/edgar/data/702325/000070232515000047/0000702325-15-000047-index.html,https://www.sec.gov/Archives/edgar/data/702325/000070232515000047/fmbi0630201510-q.htm
0,2015-03-31,FMBI,2015-05-04 00:00:00,2015-05-04 17:15:12,Q1,107900000,5700000,107900000,1,0,79300000,0,11505000,85000000,44403000,5700000,0,34400000,0.373446901618,28700000,0.373446901618,0,28700000,0.373446901618,8800000,19900000,0.258940897606,0.25878,0.25878,76900000,76900000,https://www.sec.gov/Archives/edgar/data/702325/000070232515000029/0000702325-15-000029-index.html,https://www.sec.gov/Archives/edgar/data/702325/000070232515000029/fmbi0331201510-q.htm
0,2014-12-31,FMBI,2015-03-02,2015-03-02 16:15:21,Q4,106900000,5500000,106900000,1,0,86500000,0,5054000,92000000,-83961000,5500000,15100000,41000000,0.703715427531,20400000,0.612775161899,0,20400000,0.498859125021,5800000,14600000,0.192471544072,0.19441,0.19441,75100000,75100000,https://www.sec.gov/Archives/edgar/data/702325/000070232515000014/fmbi1231201410-k.htm,https://www.sec.gov/Archives/edgar/data/702325/000070232515000014/fmbi1231201410-k.htm
0,2014-09-30,FMBI,2014-11-07 00:00:00,2014-11-07 11:33:35,Q3,108100000,5800000,108100000,1,0,81000000,0,39750000,86800000,108301000,5800000,0,32800000,0.257732539314,27100000,0.257732539314,0,27100000,0.210724894764,8500000,18500000,0.261139502471,0.24866,0.24866,74400000,74400000,https://www.sec.gov/Archives/edgar/data/702325/000070232514000051/0000702325-14-000051-index.html,https://www.sec.gov/Archives/edgar/data/702325/000070232514000051/fmbi0930201410-q.htm
0,2014-06-30,FMBI,2014-08-04 00:00:00,2014-08-04 16:48:31,Q2,97500000,5700000,97500000,1,0,70300000,0,22361000,76000000,3104000,5700000,0,32800000,0.275536519523,27100000,0.275536519523,0,27100000,0.346886452411,8600000,18500000,0.282398540124,0.24899,0.24899,74300000,74300000,https://www.sec.gov/Archives/edgar/data/702325/000070232514000033/0000702325-14-000033-index.html,https://www.sec.gov/Archives/edgar/data/702325/000070232514000033/fmbi0630201410-q.htm
0,2014-03-31,FMBI,2014-05-12 00:00:00,2014-05-12 17:10:22,Q1,91000000,6000000,91000000,1,0,65100000,0,10767000,71100000,3074000,6000000,0,31900000,0.273789151425,25800000,0.273789151425,0,25800000,0.387534343355,8200000,17700000,0.273789151425,0.23854,0.23854,74200000,74200000,https://www.sec.gov/Archives/edgar/data/702325/000070232514000019/0000702325-14-000019-index.html,https://www.sec.gov/Archives/edgar/data/702325/000070232514000019/fmbi0331201410-q.htm
0,2013-12-31,FMBI,2014-03-03,2014-03-03 15:45:50,Q4,93500000,6400000,93500000,1,0,64800000,0,8064000,71200000,26246000,6400000,0,35100000,1.12454329558,28700000,1.04626415784,0,28700000,1.19164839849,9500000,19200000,0.28779990257,0.25946,0.25946,74000000,74000000,https://www.sec.gov/Archives/edgar/data/702325/000104746914001679/a2218602z10-k.htm,https://www.sec.gov/Archives/edgar/data/702325/000104746914001679/a2218602z10-k.htm
0,2013-09-30,FMBI,2013-11-08 00:00:00,2013-11-08 15:18:49,Q3,123800000,6700000,123800000,1,0,69500000,0,-19302000,76200000,2984000,6700000,0,61000000,0.21667225048,54300000,0.21667225048,0,54300000,0.0712393019218,25000000,29300000,0.440212590991,0.39595,0.39595,74000000,74000000,https://www.sec.gov/Archives/edgar/data/702325/000070232513000041/0000702325-13-000041-index.html,https://www.sec.gov/Archives/edgar/data/702325/000070232513000041/fmbi0930201310-q.htm
0,2013-06-30,FMBI,2013-08-09 00:00:00,2013-08-09 12:33:07,Q2,92100000,6800000,92100000,1,0,68000000,0,19302000,74800000,2884000,6800000,0,31000000,0.371646388418,24100000,0.371646388418,0,24100000,0.371646388418,8000000,16200000,0.245756969044,0.21892,0.21892,74000000,74000000,https://www.sec.gov/Archives/edgar/data/702325/000070232513000029/0000702325-13-000029-index.html,https://www.sec.gov/Archives/edgar/data/702325/000070232513000029/jun3010q.htm
0,2013-03-31,FMBI,2013-05-10 00:00:00,2013-05-10 14:59:15,Q1,91400000,7200000,91400000,1,0,70500000,0,0,77700000,2483000,7200000,0,28100000,0.327888109259,20900000,0.327888109259,0,20900000,0.327888109259,6300000,14600000,0.226005513094,0.19756,0.19756,73900000,73900000,https://www.sec.gov/Archives/edgar/data/702325/000070232513000008/0000702325-13-000008-index.html,https://www.sec.gov/Archives/edgar/data/702325/000070232513000008/mar3110q.htm
0,2012-12-31,FMBI,2013-03-01 00:00:00,2013-03-01 15:17:47,Q4,98600000,7700000,98600000,1,0,79200000,0,8734000,86900000,25197000,7700000,0,27100000,0.168711103094,19400000,0.291783169478,0,19400000,0.291783169478,6200000,13200000,0.19575478789,0.17886,0.17886,73800000,73800000,https://www.sec.gov/Archives/edgar/data/702325/000104746913002060/0001047469-13-002060-index.html,https://www.sec.gov/Archives/edgar/data/702325/000104746913002060/a2213251z10-k.htm
0,2012-09-30,FMBI,2012-11-09 00:00:00,2012-11-09 17:16:12,Q3,96400000,8300000,96400000,1,0,181900000,0,-16701000,190200000,2906000,8300000,0,-77200000,-3.5121149897330595,-85500000,-3.5121149897330595,0,-85500000,-3.5121149897330595,-37000000,-48500000,-4.87388090349076,-0.65807,-0.65807,73700000,73700000,https://www.sec.gov/Archives/edgar/data/702325/000070232512000033/0000702325-12-000033-index.html,https://www.sec.gov/Archives/edgar/data/702325/000070232512000033/sep3010q.htm
0,2012-06-30,FMBI,2012-08-03 00:00:00,2012-08-03 17:10:23,Q2,90600000,8800000,90600000,1,0,83500000,0,8539000,92300000,2851000,8800000,0,16000000,0.106830175102,7100000,0.106830175102,0,7100000,0.106830175102,800000,6400000,0.0942822019669,0.08684,0.08684,73700000,73700000,https://www.sec.gov/Archives/edgar/data/702325/000070232512000022/0000702325-12-000022-index.html,https://www.sec.gov/Archives/edgar/data/702325/000070232512000022/jun3010q.htm
0,2012-03-31,FMBI,2012-05-10,2012-05-10 15:52:07,Q1,90800000,10100000,90800000,1,0,81800000,0,8162000,91900000,2858000,10100000,0,19200000,0.138811328281,9000000,0.138811328281,0,9000000,0.138811328281,1200000,7900000,0.118943880212,0.10748,0.10748,73500000,73500000,https://www.sec.gov/Archives/edgar/data/702325/000070232512000011/mar3110q.htm,https://www.sec.gov/Archives/edgar/data/702325/000070232512000011/mar3110q.htm
0,2011-12-31,FMBI,2012-02-28 00:00:00,2012-02-28 17:08:01,Q4,95800000,9700000,95800000,1,0,88600000,0,14608000,98300000,17484000,9700000,0,16900000,0.156591099916,7200000,0.0916934479863,0,7200000,0.0916934479863,300000,6900000,0.04866961985,0.09401,0.09401,73400000,73400000,https://www.sec.gov/Archives/edgar/data/702325/000104746912001782/0001047469-12-001782-index.html,https://www.sec.gov/Archives/edgar/data/702325/000104746912001782/a2207583z10-k.htm
0,2011-09-30,FMBI,2011-10-28 00:00:00,2011-10-28 16:18:08,Q3,94600000,9600000,94600000,1,0,84100000,0,30568000,93700000,2709000,9600000,0,20100000,0.153399021762,10500000,0.153399021762,0,10500000,0.153399021762,1600000,8900000,0.0912171262494,0.12125,0.12125,73400000,73400000,https://www.sec.gov/Archives/edgar/data/702325/000070232511000042/0000702325-11-000042-index.html,https://www.sec.gov/Archives/edgar/data/702325/000070232511000042/sep3010q.htm
0,2011-06-30,FMBI,2011-08-09 00:00:00,2011-08-09 17:27:23,Q2,96400000,9900000,96400000,1,0,83000000,0,0,92900000,2697000,9900000,0,23300000,0.191547203655,13400000,0.191547203655,0,13400000,0.191547203655,2700000,10700000,0.114123961267,0.14598,0.14598,73300000,73300000,https://www.sec.gov/Archives/edgar/data/702325/000070232511000034/0000702325-11-000034-index.html,https://www.sec.gov/Archives/edgar/data/702325/000070232511000034/jun3010q.htm
0,2011-03-31,FMBI,2011-05-06 00:00:00,2011-05-06 16:25:37,Q1,94300000,10600000,94300000,1,0,84400000,0,0,95000000,2623000,10600000,0,20500000,0.14506129151,10000000,0.14506129151,0,10000000,0.14506129151,-100000,10000000,0.106120657928,0.13661,0.13661,73200000,73200000,https://www.sec.gov/Archives/edgar/data/702325/000070232511000025/0000702325-11-000025-index.html,https://www.sec.gov/Archives/edgar/data/702325/000070232511000025/mar3110q.htm
0,2010-12-31,FMBI,2011-03-01,2011-03-01 17:00:16,Q4,96100000,10900000,96100000,1,0,149300000,0,-32214000,160200000,11070000,10900000,0,-42400000,-2.0513045000875505,-53200000,-3.106577948987334,0,-53200000,-3.106577948987334,-25100000,-28200000,-4.975602638183622,-0.38577,-0.38577,73100000,73100000,https://www.sec.gov/Archives/edgar/data/702325/000119312511052317/d10k.htm,https://www.sec.gov/Archives/edgar/data/702325/000119312511052317/d10k.htm
0,2010-09-30,FMBI,2010-11-05 00:00:00,2010-11-05 17:27:50,Q3,94600000,12100000,94600000,1,0,96000000,0,32214000,108100000,0,12100000,0,10700000,-0.019754176577,-1400000,-0.019754176577,0,-1400000,-0.019754176577,-4000000,2600000,0.000156666144446,0.03557,0.03557,73100000,73100000,https://www.sec.gov/Archives/edgar/data/702325/000070232510000203/0000702325-10-000203-index.html,https://www.sec.gov/Archives/edgar/data/702325/000070232510000203/sep3010q.htm
0,2010-06-30,FMBI,2010-08-09 00:00:00,2010-08-09 15:22:40,Q2,95800000,12700000,95800000,1,0,87800000,0,22637000,100500000,-62578000,12700000,0,20600000,-4.85769586805,7900000,-3.94530000842,0,7900000,-3.94530000842,100000,7800000,-3.14264074729,0.10685,0.10685,73000000,73000000,https://www.sec.gov/Archives/edgar/data/702325/000070232510000160/0000702325-10-000160-index.html,https://www.sec.gov/Archives/edgar/data/702325/000070232510000160/jun3010q.htm
0,2010-05-07,FMBI,2010-05-07,2010-05-07 16:39:43,Q1,5820000,0,5820000,1,0,0,0,-57594000,0,0,-13841000,0,8436000,1.4494845360824742,8436000,1.4494845360824742,1225000,8436000,1.4494845360824742,-355000,8081000,1.388487972508591,0.11467,0.11467,70469000,70469000,https://www.sec.gov/Archives/edgar/data/702325/000070232510000090/0000702325-10-000090-index.htm,https://www.sec.gov/Archives/edgar/data/702325/000070232510000090/mar3110q.htm
0,2010-03-31,FMBI,2010-05-07 00:00:00,2010-05-07 16:39:43,Q1,89200000,13800000,89200000,1,0,80800000,0,0,94600000,0,13800000,0,22300000,0,8400000,0,0,8400000,0,400000,8100000,0,0.11489,0.11489,70500000,70500000,https://www.sec.gov/Archives/edgar/data/702325/000070232510000090/0000702325-10-000090-index.html,https://www.sec.gov/Archives/edgar/data/702325/000070232510000090/mar3110q.htm
0,2009-12-31,FMBI,2010-03-01 00:00:00,2010-03-01 17:16:01,Q4,103400000,16400000,103400000,1,0,169300000,0,-7766000,185700000,0,16400000,0,-49400000,-2.4632567537229666,-65800000,-2.4632567537229666,0,-65800000,-2.4632567537229666,-28300000,-37500000,-5.157636758212976,-0.69188,-0.69188,54200000,54200000,https://www.sec.gov/Archives/edgar/data/702325/000119312510044892/0001193125-10-044892-index.html,https://www.sec.gov/Archives/edgar/data/702325/000119312510044892/d10k.htm
0,2009-09-30,FMBI,2009-11-06 00:00:00,2009-11-06 16:53:03,Q3,99100000,21800000,99100000,1,0,101600000,0,7766000,123400000,0,21800000,0,19300000,-0.031040815833353472,-2600000,-0.031040815833353472,0,-2600000,-0.031040815833353472,-5900000,3400000,0.040489596674802446,0.06953,0.06953,48900000,48900000,https://www.sec.gov/Archives/edgar/data/702325/000070232509000109/0000702325-09-000109-index.html,https://www.sec.gov/Archives/edgar/data/702325/000070232509000109/form10-q.htm
0,2009-06-30,FMBI,2009-08-10 00:00:00,2009-08-10 16:22:42,Q2,85200000,24700000,85200000,1,0,88900000,0,4305000,113600000,0,24700000,0,21000000,-0.022422473241105047,-3700000,-0.022422473241105047,0,-3700000,-0.022422473241105047,-6400000,2700000,0.0160946216283188,0.05567,0.05567,48500000,48500000,https://www.sec.gov/Archives/edgar/data/702325/000070232509000089/0000702325-09-000089-index.html,https://www.sec.gov/Archives/edgar/data/702325/000070232509000089/june200910q.htm
0,2009-03-31,FMBI,2009-05-08 00:00:00,2009-05-08 17:18:01,Q1,84700000,27300000,84700000,1,0,88600000,0,0,115900000,0,27300000,0,23500000,-0.3417562724014337,-3800000,-0.3417562724014337,0,-3800000,-0.3417562724014337,-9500000,5700000,0.5131720430107527,0.11753,0.11753,48500000,48500000,https://www.sec.gov/Archives/edgar/data/702325/000070232509000024/0000702325-09-000024-index.html,https://www.sec.gov/Archives/edgar/data/702325/000070232509000024/mar200910q.htm
0,2008-12-31,FMBI,2009-02-27 00:00:00,2009-02-27 15:13:57,Q4,32600000,32900000,32600000,1,0,78700000,0,-20997000,111600000,0,32900000,0,-13200000,-2.190272941705043,-46100000,-2.190272941705043,0,-46100000,-2.190272941705043,-19200000,-26900000,-3.0203302257665956,-0.55464,-0.55464,48500000,48500000,https://www.sec.gov/Archives/edgar/data/702325/000119312509040811/0001193125-09-040811-index.html,https://www.sec.gov/Archives/edgar/data/702325/000119312509040811/d10k.htm
0,2008-09-30,FMBI,2008-11-10 00:00:00,2008-11-10 16:53:53,Q3,88200000,38700000,88200000,1,0,63200000,0,20997000,101900000,0,38700000,0,63700000,0.24621130008079933,25000000,0.24621130008079933,0,25000000,0.24621130008079933,800000,24200000,0.2383678536941056,0.49897,0.49897,48500000,48500000,https://www.sec.gov/Archives/edgar/data/702325/000070232508000145/0000702325-08-000145-index.html,https://www.sec.gov/Archives/edgar/data/702325/000070232508000145/sept200810q.htm
0,2008-06-30,FMBI,2008-08-08 00:00:00,2008-08-08 17:28:05,Q2,87300000,41000000,87300000,1,0,60400000,0,15361000,101400000,0,41000000,0,68000000,0.2667377335583785,27000000,0.2667377335583785,0,27000000,0.2667377335583785,0,27000000,0.26647123271445916,0.5567,0.5567,48500000,48500000,https://www.sec.gov/Archives/edgar/data/702325/000070232508000112/0000702325-08-000112-index.html,https://www.sec.gov/Archives/edgar/data/702325/000070232508000112/june200810q.htm
0,2008-03-31,FMBI,2008-05-12 00:00:00,2008-05-12 12:49:07,Q1,83600000,50000000,83600000,1,0,53500000,0,7687000,103500000,0,50000000,0,80100000,0.2776307905047246,30100000,0.2776307905047246,0,30100000,0.2776307905047246,5100000,25000000,0.23081816086655912,0.51546,0.51546,48500000,48500000,https://www.sec.gov/Archives/edgar/data/702325/000070232508000054/0000702325-08-000054-index.html,https://www.sec.gov/Archives/edgar/data/702325/000070232508000054/mar200810q.htm
0,2007-12-31,FMBI,2008-02-28,2008-02-28 17:06:20,Q4,85700000,56500000,85700000,1,0,102300000,0,-18957000,158800000,0,56500000,0,39800000,-0.9966772921281539,-16700000,-0.9966772921281539,0,-16700000,-0.9966772921281539,-11300000,-5400000,-0.7705890827885533,-0.11134,-0.11134,48500000,48500000,https://www.sec.gov/Archives/edgar/data/702325/000119312508041963/d10k.htm,https://www.sec.gov/Archives/edgar/data/702325/000119312508041963/d10k.htm
0,2007-09-30,FMBI,2007-11-07 00:00:00,2007-11-07 16:32:24,Q3,89300000,59400000,89300000,1,0,55600000,0,18957000,115000000,0,59400000,0,93000000,0.2801315679906737,33600000,0.2801315679906737,0,33600000,0.2801315679906737,6400000,27200000,0.2268048963277542,0.55061,0.55061,49400000,49400000,https://www.sec.gov/Archives/edgar/data/702325/000070232507000132/0000702325-07-000132-index.html,https://www.sec.gov/Archives/edgar/data/702325/000070232507000132/sept200710q.htm
0,2007-06-30,FMBI,2007-08-09 00:00:00,2007-08-09 15:11:45,Q2,90700000,59700000,90700000,1,0,51600000,0,6416000,111300000,0,59700000,0,98800000,1.5222165972195179,39100000,1.5222165972195179,0,39100000,1.5222165972195179,9800000,29300000,1.1414385295377545,0.586,0.586,50000000,50000000,https://www.sec.gov/Archives/edgar/data/702325/000070232507000099/0000702325-07-000099-index.html,https://www.sec.gov/Archives/edgar/data/702325/000070232507000099/jun200710q.htm
0,2007-03-31,FMBI,2007-05-09 00:00:00,2007-05-09 10:35:22,Q1,85700000,61200000,85700000,1,0,47700000,0,6105000,108900000,0,61200000,0,99100000,1.7060727289072684,38000000,1.7060727289072684,0,38000000,1.7060727289072684,8900000,29000000,1.304850092147256,0.57654,0.57654,50300000,50300000,https://www.sec.gov/Archives/edgar/data/702325/000070232507000053/0000702325-07-000053-index.html,https://www.sec.gov/Archives/edgar/data/702325/000070232507000053/mar200710q.htm
0,2006-12-31,FMBI,2007-03-01,2007-03-01 13:17:50,Q4,89100000,62600000,89100000,1,0,48300000,0,26796000,110900000,0,62600000,0,103300000,0.32501574997806965,40800000,0.32501574997806965,0,40800000,0.32501574997806965,9200000,31500000,0.2514254726987089,0.625,0.625,50400000,50400000,https://www.sec.gov/Archives/edgar/data/702325/000119312507043977/d10k.htm,https://www.sec.gov/Archives/edgar/data/702325/000119312507043977/d10k.htm
0,2006-09-30,FMBI,2006-11-08,2006-11-08 10:49:30,Q3,92200000,60800000,92200000,1,0,51300000,0,20380000,112100000,0,60800000,0,101600000,0.3229355331113519,40800000,0.3229355331113519,0,40800000,0.3229355331113519,9600000,31200000,0.24688184629499277,0.62028,0.62028,50300000,50300000,https://www.sec.gov/Archives/edgar/data/702325/000070232506000138/sep200610q.htm,https://www.sec.gov/Archives/edgar/data/702325/000070232506000138/sep200610q.htm
0,2006-06-30,FMBI,2006-08-04,2006-08-04 15:57:35,Q2,91200000,57100000,91200000,1,0,54100000,0,14135000,111200000,0,57100000,0,94200000,0.30212108898821616,37200000,0.30212108898821616,0,37200000,0.30212108898821616,8400000,28700000,0.23352295814709467,0.57171,0.57171,50200000,50200000,https://www.sec.gov/Archives/edgar/data/702325/000070232506000100/jun200610q.htm,https://www.sec.gov/Archives/edgar/data/702325/000070232506000100/jun200610q.htm
0,2006-03-31,FMBI,2006-05-05,2006-05-05 15:54:39,Q1,78500000,44100000,78500000,1,0,44900000,0,5244000,89000000,0,44100000,0,77700000,0.3303127308544693,33500000,0.3303127308544693,0,33500000,0.3303127308544693,7800000,25800000,0.2538094065501108,0.55011,0.55011,46900000,46900000,https://www.sec.gov/Archives/edgar/data/702325/000070232506000075/mar200610q.htm,https://www.sec.gov/Archives/edgar/data/702325/000070232506000075/mar200610q.htm
0,2005-12-31,FMBI,2006-03-02,2006-03-02 16:27:59,Q4,79900000,40700000,79900000,1,0,51500000,0,20557000,92200000,0,40700000,10900000,80000000,0.3722983105068479,28400000,0.28392482255323404,0,28400000,0.28392482255323404,5800000,22600000,0.22623213036089174,0.49453,0.49453,45700000,45700000,https://www.sec.gov/Archives/edgar/data/702325/000119312506043930/d10k.htm,https://www.sec.gov/Archives/edgar/data/702325/000119312506043930/d10k.htm
0,2005-09-30,FMBI,2005-11-07,2005-11-07 11:04:14,Q3,80100000,34300000,80100000,1,0,43000000,0,14884000,77300000,0,34300000,0,71300000,0.39313791018173716,37100000,0.39313791018173716,0,37100000,0.39313791018173716,10000000,27000000,0.28676915242369266,0.58952,0.58952,45800000,45800000,https://www.sec.gov/Archives/edgar/data/702325/000070232505000159/sept200510q.htm,https://www.sec.gov/Archives/edgar/data/702325/000070232505000159/sept200510q.htm
0,2005-06-30,FMBI,2005-08-08,2005-08-08 17:13:57,Q2,79100000,29800000,79100000,1,0,43100000,0,9736000,72900000,0,29800000,0,65800000,0.3796410405789957,36000000,0.4037621277644581,0,36000000,0.4037621277644581,9500000,26500000,0.29700419010060725,0.57734,0.57734,45900000,45900000,https://www.sec.gov/Archives/edgar/data/702325/000070232505000114/jun2005q.htm,https://www.sec.gov/Archives/edgar/data/702325/000070232505000114/jun2005q.htm
0,2005-03-31,FMBI,2005-05-09,2005-05-09 16:57:23,Q1,74700000,26000000,74700000,1,0,40400000,0,4739000,66400000,0,26000000,2700000,63000000,0.43877096987553366,34300000,0.41287956226324335,0,34300000,0.41287956226324335,9100000,25200000,0.3031327039865312,0.54545,0.54545,46200000,46200000,https://www.sec.gov/Archives/edgar/data/702325/000070232505000072/mar2005q.htm,https://www.sec.gov/Archives/edgar/data/702325/000070232505000072/mar2005q.htm
0,2004-12-31,FMBI,2005-03-07,2005-03-07 17:16:18,Q4,79600000,23400000,79600000,1,0,45300000,0,22571000,68700000,0,23400000,2700000.000000001,60400000,0.44693939949856293,34300000,0.41976395768360547,0,34300000,0.41976395768360547,9100000,25200000,0.3084449336513178,0.53731,0.53731,46900000,46900000,https://www.sec.gov/Archives/edgar/data/702325/000119312505043742/d10k.htm,https://www.sec.gov/Archives/edgar/data/702325/000119312505043742/d10k.htm
0,2004-09-30,FMBI,2004-11-09,2004-11-09 09:02:30,Q3,75600000,22100000,75600000,1,0,42800000,0,20256000,64900000,0,22100000,2599999.9999999995,57500000,0.43830594025840314,32700000,0.4111849126728024,0,32700000,0.4111849126728024,7600000,25200000,0.3160604196225657,0.53731,0.53731,46900000,46900000,https://www.sec.gov/Archives/edgar/data/702325/000070232504000169/sept200410q.htm,https://www.sec.gov/Archives/edgar/data/702325/000070232504000169/sept200410q.htm
0,2004-06-30,FMBI,2004-08-09,2004-08-09 16:36:31,Q2,72400000,20500000,72400000,1,0,39700000,0,13997000,60200000,0,20500000,2900000,56200000,0.45792670977856165,32800000,0.42815337383238616,0,32800000,0.42815337383238616,8100000,24700000,0.3228427722254883,0.52553,0.52553,47000000,47000000,https://www.sec.gov/Archives/edgar/data/702325/000070232504000132/june200410q.htm,https://www.sec.gov/Archives/edgar/data/702325/000070232504000132/june200410q.htm
0,2004-03-31,FMBI,2004-05-10,2004-05-10 17:02:17,Q1,72300000,20500000,72300000,1,0,40200000,0,7084000,60700000,0,20500000,2700000,55300000,0.44353848738192764,32100000,0.41531742237268865,0,32100000,0.41531742237268865,8100000,24000000,0.31053508896613213,0.51064,0.51064,47000000,47000000,https://www.sec.gov/Archives/edgar/data/702325/000070232504000083/march2004tp.htm,https://www.sec.gov/Archives/edgar/data/702325/000070232504000083/march2004tp.htm
0,2003-12-31,FMBI,2004-03-09,2004-03-09 16:29:32,Q4,72200000,18700000,72200000,1,0,40000000,0,22582000,58700000,0,18700000,2100000.0000000005,53000000,0.4788329519450801,32200000,0.44925210693754536,0,32200000,0.44925210693754536,8000000,24200000,0.3376541831779874,0.51599,0.51599,46900000,46900000,https://www.sec.gov/Archives/edgar/data/702325/000119312504037282/d10k.htm,https://www.sec.gov/Archives/edgar/data/702325/000119312504037282/d10k.htm
0,2003-09-30,FMBI,2003-11-14,2003-11-14 13:11:45,Q3,68400000,19300000,68400000,1,0,40900000,0,16807000,60200000,0,19300000,2099999.9999999995,49000000,0.4166374510931299,27600000,0.38659916700556735,0,27600000,0.38659916700556735,6400000,21200000,0.2973257232607385,0.45203,0.45203,46900000,46900000,https://www.sec.gov/Archives/edgar/data/702325/000070232503000180/sept0310q.htm,https://www.sec.gov/Archives/edgar/data/702325/000070232503000180/sept0310q.htm
0,2003-06-30,FMBI,2003-08-13,2003-08-13 08:59:27,Q2,70500000,20900000,70500000,1,0,37100000,0,11217000,58000000,0,20900000,2100000,56300000,0.4819857191431486,33400000,0.4537912274736484,0,33400000,0.4537912274736484,8700000,24600000,0.3352193131587895,0.52452,0.52452,46900000,46900000,https://www.sec.gov/Archives/edgar/data/702325/000070232503000137/june0310q.htm,https://www.sec.gov/Archives/edgar/data/702325/000070232503000137/june0310q.htm
0,2003-03-31,FMBI,2003-05-14,2003-05-14 13:04:54,Q1,69800000,22400000,69800000,1,0,39300000,0,5615000,61700000,0,22400000,2100000,55000000,0.4375377187688594,30500000,0.4095353047676524,0,30500000,0.4095353047676524,7800000,22700000,0.30483470797290957,0.48093,0.48093,47200000,47200000,https://www.sec.gov/Archives/edgar/data/702325/000070232503000106/mar200310q.htm,https://www.sec.gov/Archives/edgar/data/702325/000070232503000106/mar200310q.htm
0,2002-12-31,FMBI,2003-03-07,2003-03-07 10:18:30,Q4,70000000,25500000,70000000,1,0,39500000,0,24741000,65000000,0,25500000,2599999.999999999,58500000,0.3049564694902903,30400000,0.38864243617442884,0,30400000,0.38864243617442884,7900000,22500000,0.28721187404916837,0.4717,0.4717,47700000,47700000,https://www.sec.gov/Archives/edgar/data/702325/000095013103001174/d10k.htm,https://www.sec.gov/Archives/edgar/data/702325/000095013103001174/d10k.htm
0,2002-09-30,FMBI,2002-11-13,2002-11-13 17:31:34,Q3,72400000,27800000,72400000,1,0,41100000,0,19129000,68900000,0,27800000,2500000,61500000,0.1953378061106734,31200000,0.18654346632285176,0,31200000,0.18654346632285176,8500000,22700000,0.09024743531584016,0.47193,0.47193,48100000,48100000,https://www.sec.gov/Archives/edgar/data/702325/000070232502000068/sep3010q.htm,https://www.sec.gov/Archives/edgar/data/702325/000070232502000068/sep3010q.htm
0,2002-06-30,FMBI,2002-08-14 00:00:00,2002-08-13 17:45:08,Q2,72700000,27900000,72700000,1,0,41700000,0,-5519000,69600000,0,27900000,2599999.9999999995,61400000,120.98620689655172,31000000,105.56551724137931,0,31000000,105.56551724137931,8000000,22900000,158.16551724137932,0.46926,0.46926,48800000,48800000,https://www.sec.gov/Archives/edgar/data/702325/000070232502000035/0000702325-02-000035-index.html,https://www.sec.gov/Archives/edgar/data/702325/000070232502000035/jun0210q.htm
0,2002-03-31,FMBI,2002-05-14 00:00:00,2002-05-14 16:44:44,Q1,70300000,29700000,70300000,1,0,40700000,0,5519000,70400000,0,29700000,2300000.0000000005,61700000,0.3788046650703454,29700000,0.3537876892653348,0,29700000,0.3537876892653348,7600000,22100000,0.2629284157106608,0.45102,0.45102,49000000,49000000,https://www.sec.gov/Archives/edgar/data/702325/000070232502000021/0000702325-02-000021-index.html,https://www.sec.gov/Archives/edgar/data/702325/000070232502000021/mar2002q.htm
0,2001-12-31,FMBI,2002-03-06,2002-03-06 00:00:00,Q4,71200000,34200000,71200000,1,0,42900000,0,26809000,77100000,0,34200000,2899999.9999999995,65400000,7.338170624450308,28300000,7.027557900908825,0,28300000,7.027557900908825,7000000,21300000,3.118440340076224,0.43293,0.43293,49200000,49200000,https://www.sec.gov/Archives/edgar/data/702325/000095013102000787/d10k405.htm,https://www.sec.gov/Archives/edgar/data/702325/000095013102000787/d10k405.htm
0,2001-09-30,FMBI,2001-11-14 00:00:00,2001-11-14 00:00:00,Q3,70500000,42100000,70500000,1,0,42000000,0,0,84100000,0,42100000,2800000,73200000,0,28400000,0,0,28400000,0,7100000,21200000,0,0.42315,0.42315,50100000,50100000,https://www.sec.gov/Archives/edgar/data/702325/000070232501500049/0000702325-01-500049-index.html,https://www.sec.gov/Archives/edgar/data/702325/000070232501500049/sep3010q.htm
0,2001-06-30,FMBI,2001-08-14 00:00:00,2001-08-14 00:00:00,Q2,67700000,48800000,67700000,1,0,40800000,0,0,89600000,0,48800000,3099999.9999999995,78800000,0,26900000,0,0,26900000,0,6600000,20300000,0,0.39882,0.39882,50900000,50900000,https://www.sec.gov/Archives/edgar/data/702325/000070232501500034/0000702325-01-500034-index.html,https://www.sec.gov/Archives/edgar/data/702325/000070232501500034/jun3010q.htm
0,2001-03-31,FMBI,2001-05-14 00:00:00,2001-05-14 00:00:00,Q1,63100000,55800000,63100000,1,0,37900000,0,0,93700000,0,55800000,2900000.0000000005,83900000,741.1034482758621,25300000,666.3448275862069,0,25300000,666.3448275862069,5900000,19300000,666.3448275862069,0.37549,0.37549,51400000,51400000,https://www.sec.gov/Archives/edgar/data/702325/000070232501500021/0000702325-01-500021-index.html,https://www.sec.gov/Archives/edgar/data/702325/000070232501500021/mar2001.htm
0,2000-12-31,FMBI,,,Q4,62500000,62300000,62500000,1,0,36900000,0,0,99200000,0,62300000,2099999.9999999995,90000000,0,25600000,0,0,25600000,0,6200000,19400000,0,0.37743,0.37743,51400000,51400000,,
0,2000-09-30,FMBI,2000-11-13 00:00:00,2000-11-13 00:00:00,Q3,62200000,62000000,62200000,1,0,36500000,0,0,98500000,0,62000000,2199999.999999999,89800000,0,25600000,0,0,25600000,0,6200000,19400000,0,0.37597,0.37597,51600000,51600000,https://www.sec.gov/Archives/edgar/data/702325/000070232500500012/0000702325-00-500012-index.html,https://www.sec.gov/Archives/edgar/data/702325/000070232500500012/sept2000.htm
0,2000-06-30,FMBI,2000-08-14 00:00:00,2000-08-14 00:00:00,Q2,64000000,56300000,64000000,1,0,39700000,0,0,96000000,0,56300000,2200000,82800000,0,24200000,0,0,24200000,0,5700000,18600000,0,0.35977,0.35977,51700000,51700000,https://www.sec.gov/Archives/edgar/data/702325/000070232500500007/0000702325-00-500007-index.html,https://www.sec.gov/Archives/edgar/data/702325/000070232500500007/june2000q.htm
0,2000-03-31,FMBI,2000-05-12 00:00:00,2000-05-12 00:00:00,Q1,62900000,51300000,62900000,1,0,39100000,0,0,90400000,0,51300000,2200000,77300000,0,23800000,0,0,23800000,0,5700000,18100000,0,0.3501,0.3501,51700000,51700000,https://www.sec.gov/Archives/edgar/data/702325/000070232500000007/0000702325-00-000007-index.html,https://www.sec.gov/Archives/edgar/data/702325/000070232500000007/0000702325-00-000007-d1.html
0,1999-12-31,FMBI,,,Q4,62600000,47100000,62600000,1,0,38400000,0,0,85500000,0,47100000,2300000,73600000,0,24200000,0,0,24200000,0,6100000,18100000,0,0.3501,0.3501,51700000,51700000,,
0,1999-09-30,FMBI,1999-11-12 00:00:00,1999-11-12 00:00:00,Q3,63200000,43300000,63200000,1,0,39400000,0,0,82700000,0,43300000,2200000,69300000,0,23800000,0,0,23800000,0,5800000,18000000,0,0.34221,0.34221,52600000,52600000,https://www.sec.gov/Archives/edgar/data/702325/000095013199006214/0000950131-99-006214-index.html,https://www.sec.gov/Archives/edgar/data/702325/0000950131-99-006214.txt
0,1999-06-30,FMBI,1999-08-12 00:00:00,1999-08-12 00:00:00,Q2,63100000,38600000,63100000,1,0,38900000,0,0,77500000,0,38600000,2200000,65000000,0,24200000,0,0,24200000,0,6300000,17900000,0,0.33521,0.33521,53400000,53400000,https://www.sec.gov/Archives/edgar/data/702325/000095013199004858/0000950131-99-004858-index.html,https://www.sec.gov/Archives/edgar/data/702325/0000950131-99-004858.txt
0,1999-03-31,FMBI,1999-05-13 00:00:00,1999-05-13 00:00:00,Q1,62100000,39700000,62100000,1,0,38800000,0,0,78500000,0,39700000,2300000,65300000,0,23300000,0,0,23300000,0,6400000,16900000,0,0.30952,0.30952,54600000,54600000,https://www.sec.gov/Archives/edgar/data/702325/000095013199003069/0000950131-99-003069-index.html,https://www.sec.gov/Archives/edgar/data/702325/0000950131-99-003069.txt
0,1998-12-31,FMBI,1999-03-05 00:00:00,1999-03-05 00:00:00,Q4,60100000,43900000,60100000,1,0,35700000,0,0,79600000,0,43900000,2400000.0000000005,70700000,0,24400000,0,0,24400000,0,7100000,17300000,0,0.30948,0.30948,55900000,55900000,https://www.sec.gov/Archives/edgar/data/702325/000095013199001320/0000950131-99-001320-index.html,https://www.sec.gov/Archives/edgar/data/702325/0000950131-99-001320.txt
0,1998-09-30,FMBI,1998-11-13 00:00:00,1998-11-13 00:00:00,Q3,60300000,45800000,60300000,1,0,53200000,0,0,99000000,0,45800000,2000000,55000000,0,7100000,0,0,7100000,0,2500000,4700000,0,0.08408,0.08408,55900000,55900000,https://www.sec.gov/Archives/edgar/data/702325/000095013198006052/0000950131-98-006052-index.html,https://www.sec.gov/Archives/edgar/data/702325/0000950131-98-006052.txt
0,1998-06-30,FMBI,1998-08-12 00:00:00,1998-08-12 00:00:00,Q2,59700000,44400000,59700000,1,0,36300000,0,0,80700000,0,44400000,2300000,70200000,0,23500000,0,0,23500000,0,7000000,16500000,0,0.29204,0.29204,56500000,56500000,https://www.sec.gov/Archives/edgar/data/702325/000095013198004769/0000950131-98-004769-index.html,https://www.sec.gov/Archives/edgar/data/702325/0000950131-98-004769.txt
0,1998-03-31,FMBI,1998-05-14 00:00:00,1998-05-14 00:00:00,Q1,61200000,42800000,61200000,1,0,37600000,0,0,80400000,0,42800000,2200000,68700000,0,23700000,0,0,23700000,0,7500000,16200000,0,0.28774,0.28774,56300000,56300000,https://www.sec.gov/Archives/edgar/data/702325/000095013198003316/0000950131-98-003316-index.html,https://www.sec.gov/Archives/edgar/data/702325/0000950131-98-003316.txt
0,1997-12-31,FMBI,,,Q4,61700000,43900000,61700000,1,0,44300000,0,0,88200000,0,43900000,2300000.000000001,63700000,0,17500000,0,0,17500000,0,6100000,11400000,0,0.2043,0.2043,55800000,55800000,,
0,1997-09-30,FMBI,1997-11-14 00:00:00,1997-11-14 00:00:00,Q3,61100000,43400000,61100000,1,0,38000000,0,0,81400000,0,43400000,3199999.9999999995,69700000,0,23200000,0,0,23200000,0,7300000,15800000,0,0.28214,0.28214,56000000,56000000,https://www.sec.gov/Archives/edgar/data/702325/000095013197006796/0000950131-97-006796-index.html,https://www.sec.gov/Archives/edgar/data/702325/0000950131-97-006796.txt
0,1997-06-30,FMBI,1997-08-14 00:00:00,1997-08-14 00:00:00,Q2,73000000,50800000,73000000,1,0,44700000,0,0,95500000,0,50800000,1700000,80700000,0,28300000,0,0,28300000,0,9200000,19000000,0,0.50398,0.50398,37700000,37700000,https://www.sec.gov/Archives/edgar/data/702325/000095013197005054/0000950131-97-005054-index.html,https://www.sec.gov/Archives/edgar/data/702325/0000950131-97-005054.txt
0,1997-03-31,FMBI,1997-05-15 00:00:00,1997-05-15 00:00:00,Q1,44700000,30400000,44700000,1,0,28500000,0,0,58900000,0,30400000,1700000,48200000,0,16200000,0,0,16200000,0,5700000,10400000,0,0.27513,0.27513,37800000,37800000,https://www.sec.gov/Archives/edgar/data/702325/000095013197003499/0000950131-97-003499-index.html,https://www.sec.gov/Archives/edgar/data/702325/0000950131-97-003499.txt
0,1996-12-31,FMBI,,,Q4,40900000,28100000,40900000,1,0,26700000,0,0,54800000,0,28100000,3599999.9999999995,45900000,0,14200000,0,0,14200000,0,5200000,9000000,0,0.28213,0.28213,31900000,31900000,,
0,1996-09-30,FMBI,1996-11-13 00:00:00,1996-11-13 00:00:00,Q3,39000000,28200000,39000000,1,0,26200000,0,0,54400000,0,28200000,1600000,42700000,0,12900000,0,0,12900000,0,4300000,8600000,0,0.26875,0.26875,32000000,32000000,https://www.sec.gov/Archives/edgar/data/702325/000091065096000019/0000910650-96-000019-index.html,https://www.sec.gov/Archives/edgar/data/702325/0000910650-96-000019.txt
0,1996-06-30,FMBI,1996-08-14 00:00:00,1996-08-14 00:00:00,Q2,38000000,28300000,38000000,1,0,25000000,0,0,53300000,0,28300000,1900000,43200000,0,13100000,0,0,13100000,0,4800000,8200000,0,0.25545,0.25545,32100000,32100000,https://www.sec.gov/Archives/edgar/data/702325/000091065096000017/0000910650-96-000017-index.html,https://www.sec.gov/Archives/edgar/data/702325/0000910650-96-000017.txt
0,1996-03-31,FMBI,1996-05-15 00:00:00,1996-05-15 00:00:00,Q1,36300000,29800000,36300000,1,0,24100000,0,0,53900000,0,29800000,1500000,43600000,0,12300000,0,0,12300000,0,4400000,7900000,0,0.24611,0.24611,32100000,32100000,https://www.sec.gov/Archives/edgar/data/702325/000070232596000009/0000702325-96-000009-index.html,https://www.sec.gov/Archives/edgar/data/702325/0000702325-96-000009.txt
0,1995-12-31,FMBI,,,Q4,39000000,33000000,39000000,1,0,31600000,0,0,64600000,0,33000000,2300000,42700000,0,7400000,0,0,7400000,0,3000000,4400000,0,0.13707,0.13707,32100000,32100000,,
0,1995-09-30,FMBI,1995-11-13 00:00:00,1995-11-13 00:00:00,Q3,36800000,32700000,36800000,1,0,25000000,0,0,57700000,0,32700000,1400000,45900000,0,11800000,0,0,11800000,0,4200000,7600000,0,0.23824,0.23824,31900000,31900000,https://www.sec.gov/Archives/edgar/data/702325/000091065095000047/0000910650-95-000047-index.html,https://www.sec.gov/Archives/edgar/data/702325/0000910650-95-000047.txt
0,1995-06-30,FMBI,1995-08-14 00:00:00,1995-08-14 00:00:00,Q2,38000000,31800000,38000000,1,0,27000000,0,0,58800000,0,31800000,1500000,44200000,0,10900000,0,0,10900000,0,3900000,7000000,0,0.22013,0.22013,31800000,31800000,https://www.sec.gov/Archives/edgar/data/702325/000095013195002225/0000950131-95-002225-index.html,https://www.sec.gov/Archives/edgar/data/702325/0000950131-95-002225.txt
