,date,symbol,fillingDate,acceptedDate,period,revenue,costOfRevenue,grossProfit,grossProfitRatio,researchAndDevelopmentExpenses,generalAndAdministrativeExpenses,sellingAndMarketingExpenses,otherExpenses,operatingExpenses,costAndExpenses,interestExpense,depreciationAndAmortization,ebitda,ebitdaratio,operatingIncome,operatingIncomeRatio,totalOtherIncomeExpensesNet,incomeBeforeTax,incomeBeforeTaxRatio,incomeTaxExpense,netIncome,netIncomeRatio,eps,epsdiluted,weightedAverageShsOut,weightedAverageShsOutDil,link,finalLink
0,2020-09-30,TSLX,2020-11-04,2020-11-04 16:09:42,Q3,68329000000,0.0,68329000000,1.0,0.0,1505000000,0.0,0.0,1505000000,1505000000,0.0,-7597000000,35507000000,0.519647587407982,43104000000,0.63083024777181,8080000000,43104000000,0.63083024777181,0.0,43104000000,0.63083024777181,1.21,1.21,66957880,66957880,https://www.sec.gov/Archives/edgar/data/1508655/000156459020050467/0001564590-20-050467-index.htm,https://www.sec.gov/Archives/edgar/data/1508655/000156459020050467/tslx-10q_20200930.htm
0,2020-06-30,TSLX,2020-08-04,2020-08-04 16:02:17,Q2,70234000,25889000,44345000,0.6313893555827662,0.0,3876000.0,0.0,0.0,3137000.0000000005,29026000,55662000,-6244000000,152532000,2.171769,41208000,0.586724,6440000000,96870000,1.379247,1000000.0,95870000,1.365008,1.4318,1.4318,66957880,66957880,https://www.sec.gov/Archives/edgar/data/1508655/000156459020036104/0001564590-20-036104-index.htm,https://www.sec.gov/Archives/edgar/data/1508655/000156459020036104/tslx-10q_20200630.htm
0,2020-03-31,TSLX,2020-05-05 00:00:00,2020-05-05 16:02:09,Q1,66270000,28215000,38055000,0.574242,0.0,3383000.0,0.0,0.0,3382999.999999999,31598000,-86761000,0.0,-138850000,-2.095217,34672000,0.523193,0.0,-52089000,-0.786012,1010000.0,-53099000,-0.801252,-0.79661,-0.79661,66656280,66656280,https://www.sec.gov/Archives/edgar/data/1508655/000156459020021239/0001564590-20-021239-index.html,https://www.sec.gov/Archives/edgar/data/1508655/000156459020021239/tslx-10q_20200331.htm
0,2019-12-31,TSLX,2020-02-19 00:00:00,2020-02-19 16:01:26,Q4,66532000,28841000,37691000,0.566509,0.0,3031000.0,0.0,0.0,3030999.999999999,31872000,3942000.0,0.0,42544000,0.639452,34660000,0.520952,0.0,38602000,0.580202,900000.0,37702000,0.566675,0.56732,0.56732,66456780,66456780,https://www.sec.gov/Archives/edgar/data/1508655/000156459020005268/0001564590-20-005268-index.html,https://www.sec.gov/Archives/edgar/data/1508655/000156459020005268/tslx-10k_20191231.htm
0,2019-09-30,TSLX,2019-11-05 00:00:00,2019-11-05 16:00:58,Q3,70050000,28239000,41811000,0.596874,0.0,3518000.0,0.0,0.0,3518000.000000001,31757000,-6402000.0,0.0,25489000,0.363869,38293000,0.546652,0.0,31891000,0.455261,1550000.0,30341000,0.433133,0.45808,0.45808,66235590,66235590,https://www.sec.gov/Archives/edgar/data/1508655/000156459019040349/0001564590-19-040349-index.html,https://www.sec.gov/Archives/edgar/data/1508655/000156459019040349/tslx-10q_20190930.htm
0,2019-06-30,TSLX,,,Q2,62427000,26703000,35724000,0.572252,0.0,3582000.0,0.0,0.0,3582000.000000001,30285000,16653000,0.0,65448000,1.048393,32142000,0.514873,0.0,48795000,0.781633,1000000.0,47795000,0.765614,0.72436,0.72436,65982370,65982370,,
0,2019-03-31,TSLX,2019-05-02 00:00:00,2019-05-02 16:01:35,Q1,52487000,22641000,29846000,0.568636,0.0,2908000.0,0.0,0.0,2908000.0000000014,25549000,12107000,0.0,51152000,0.974565,26938000,0.513232,0.0,39045000,0.743898,300000.0,38745000,0.738183,0.59067,0.59067,65595440,65595440,https://www.sec.gov/Archives/edgar/data/1508655/000156459019015321/0001564590-19-015321-index.html,https://www.sec.gov/Archives/edgar/data/1508655/000156459019015321/tslx-10q_20190331.htm
0,2018-12-31,TSLX,2019-02-20 00:00:00,2019-02-20 16:01:51,Q4,74741000,26949000,47792000,0.639435,0.0,2710000.0,0.0,0.0,2709999.999999997,29658999.999999996,-29875000,0.0,-14668000,-0.196251,45082000,0.603176,0.0,15207000,0.203463,975000.0,14232000,0.190418,0.21773,0.21773,65365030,65365030,https://www.sec.gov/Archives/edgar/data/1508655/000156459019003442/0001564590-19-003442-index.html,https://www.sec.gov/Archives/edgar/data/1508655/000156459019003442/tslx-10k_20181231.htm
0,2018-09-30,TSLX,2018-11-06 00:00:00,2018-11-06 16:02:08,Q3,63004000,26394000,36610000,0.581074,0.0,3667000.0,0.0,0.0,3667000.0000000014,30061000,5087000.0,0.0,43117000,0.684353,32943000,0.522872,0.0,38030000,0.603612,650000.0,37380000,0.593296,0.57418,0.57418,65101480,65101480,https://www.sec.gov/Archives/edgar/data/1508655/000156459018027390/0001564590-18-027390-index.html,https://www.sec.gov/Archives/edgar/data/1508655/000156459018027390/tslx-10q_20180930.htm
0,2018-06-30,TSLX,2018-08-01 00:00:00,2018-08-01 16:01:04,Q2,66400000,26180000,40220000,0.605723,0.0,3020000.0,0.0,0.0,3019999.9999999995,29200000,-2730000.0,0.0,31740000,0.478012,37200000,0.560241,0.0,34470000,0.519127,900000.0,33570000,0.505572,0.51838,0.51838,64760000,64760000,https://www.sec.gov/Archives/edgar/data/1508655/000156459018018427/0001564590-18-018427-index.html,https://www.sec.gov/Archives/edgar/data/1508655/000156459018018427/tslx-10q_20180630.htm
0,2018-03-31,TSLX,2018-05-03 00:00:00,2018-05-03 16:01:41,Q1,57770000,22340000,35430000,0.613294,0.0,3460000.0,0.0,-60000.0,3390000.0000000005,25730000,2650000.0,0.0,37340000,0.646356,32040000,0.554613,-60000.0,34690000,0.600485,850000.0,33840000,0.585771,0.55621,0.55621,60840000,60840000,https://www.sec.gov/Archives/edgar/data/1508655/000156459018010661/0001564590-18-010661-index.html,https://www.sec.gov/Archives/edgar/data/1508655/000156459018010661/tslx-10q_20180331.htm
0,2017-12-31,TSLX,2018-02-21 00:00:00,2018-02-21 16:01:45,Q4,48830000,19360000,29470000,0.603522,0.0,2110000.0,0.0,-90000.0,2019999.9999999995,21380000,-130000.0,0.0,27190000,0.55683,27440000,0.56195,-90000.0,27310000,0.559287,570000.0,26750000,0.547819,0.44428,0.44428,60210000,60210000,https://www.sec.gov/Archives/edgar/data/1508655/000156459018002665/0001564590-18-002665-index.html,https://www.sec.gov/Archives/edgar/data/1508655/000156459018002665/tslx-10k_20171231.htm
0,2017-09-30,TSLX,2017-11-07 00:00:00,2017-11-07 16:01:32,Q3,52310000,18050000,34250000,0.654751,0.0,2680000.0,0.0,0.0,2689999.9999999977,20739999.999999996,-6170000.0,0.0,19230000,0.367616,31570000,0.603517,0.0,25400000,0.485567,640000.0,24760000,0.473332,0.41225,0.41225,60060000,60060000,https://www.sec.gov/Archives/edgar/data/1508655/000156459017022214/0001564590-17-022214-index.html,https://www.sec.gov/Archives/edgar/data/1508655/000156459017022214/tslx-10q_20170930.htm
0,2017-06-30,TSLX,2017-08-02 00:00:00,2017-08-02 16:00:22,Q2,58820000,20830000,37990000,0.645869,0.0,3180000.0,0.0,0.0,3180000.0000000033,24010000.000000004,-2110000.0,0.0,30600000,0.520231,34810000,0.591806,0.0,32710000,0.556103,880000.0,31830000,0.541142,0.5313,0.5313,59910000,59910000,https://www.sec.gov/Archives/edgar/data/1508655/000156459017014879/0001564590-17-014879-index.html,https://www.sec.gov/Archives/edgar/data/1508655/000156459017014879/tslx-10q_20170630.htm
0,2017-03-31,TSLX,2017-05-03 00:00:00,2017-05-03 16:05:32,Q1,50950000,18990000,31960000,0.627282,0.0,2690000.0,0.0,0.0,2690000.0000000014,21680000,-240000.0,0.0,28790000,0.565064,29270000,0.574485,0.0,29030000,0.569774,750000.0,28280000,0.555054,0.47291,0.47291,59800000,59800000,https://www.sec.gov/Archives/edgar/data/1508655/000156459017008351/0001564590-17-008351-index.html,https://www.sec.gov/Archives/edgar/data/1508655/000156459017008351/tslx-10q_20170331.htm
0,2016-12-31,TSLX,2017-02-22 00:00:00,2017-02-22 16:54:56,Q4,49710000,18320000,31390000,0.631462,0.0,2790000.0,0.0,-80000.0,2710000.000000001,21030000,4660000.0,0.0,37990000,0.764233,28680000,0.576946,-80000.0,33330000,0.670489,610000.0,32720000,0.658218,0.54826,0.54826,59680000,59680000,https://www.sec.gov/Archives/edgar/data/1508655/000156459017002010/0001564590-17-002010-index.html,https://www.sec.gov/Archives/edgar/data/1508655/000156459017002010/tslx-10k_20161231.htm
0,2016-09-30,TSLX,2016-11-07 00:00:00,2016-11-07 16:06:02,Q3,53920000,18780000,35140000,0.651706,0.0,4020000.0,0.0,-150000.0,3879999.999999999,22660000,6300000.0,0.0,43870000,0.813613,31260000,0.579748,-150000.0,37570000,0.696773,690000.0,36880000,0.683976,0.61962,0.61962,59520000,59520000,https://www.sec.gov/Archives/edgar/data/1508655/000156459016027941/0001564590-16-027941-index.html,https://www.sec.gov/Archives/edgar/data/1508655/000156459016027941/tslx-10q_20160930.htm
0,2016-06-30,TSLX,2016-08-03 00:00:00,2016-08-03 16:09:04,Q2,46030000,17020000,29020000,0.630458,0.0,3130000.0,0.0,-100000.0,3019999.9999999995,20040000,24140000,0.0,74270000,1.613513,25990000,0.564632,-100000.0,50130000,1.089072,490000.0,49640000,1.078427,0.83639,0.83639,59350000,59350000,https://www.sec.gov/Archives/edgar/data/1508655/000119312516670080/0001193125-16-670080-index.html,https://www.sec.gov/Archives/edgar/data/1508655/000119312516670080/d164349d10q.htm
0,2016-03-31,TSLX,2016-05-04 00:00:00,2016-05-04 16:32:04,Q1,42750000,15950000,26800000,0.626901,0.0,3270000.0,0.0,-100000.0,3170000.000000002,19120000,-5420000.0,0.0,12790000,0.299181,23630000,0.552749,-100000.0,18210000,0.425965,440000.0,17770000,0.415673,0.31846,0.31846,55800000,55800000,https://www.sec.gov/Archives/edgar/data/1508655/000156459016017670/0001564590-16-017670-index.html,https://www.sec.gov/Archives/edgar/data/1508655/000156459016017670/tslx-10q_20160331.htm
0,2015-12-31,TSLX,2016-02-24 00:00:00,2016-02-24 16:24:54,Q4,43560000,15670000,27890000,0.640266,0.0,4170000.0,0.0,-120000.0,4049999.999999999,19720000,-27990000,0.0,-32130000,-0.737603,23840000,0.547291,-120000.0,-4140000.0,-0.095041,200000.0,-4340000.0,-0.099633,-0.08019,-0.08019,54120000,54120000,https://www.sec.gov/Archives/edgar/data/1508655/000156459016013201/0001564590-16-013201-index.html,https://www.sec.gov/Archives/edgar/data/1508655/000156459016013201/tslx-10k_20151231.htm
0,2015-09-30,TSLX,2015-11-03 00:00:00,2015-11-03 16:14:20,Q3,46770000,16470000,30310000,0.648065,0.0,4100000.0,0.0,-100000.0,4000000.0,20470000,-16510000,0.0,-6710000.0,-0.143468,26310000,0.56254,-100000.0,9800000.0,0.209536,460000.0,9340000.0,0.199701,0.1729,0.1729,54020000,54020000,https://www.sec.gov/Archives/edgar/data/1508655/000156459015009165/0001564590-15-009165-index.html,https://www.sec.gov/Archives/edgar/data/1508655/000156459015009165/tslx-10q_20150930.htm
0,2015-06-30,TSLX,2015-08-04 00:00:00,2015-08-04 16:21:04,Q2,45350000,17150000,28200000,0.62183,0.0,2640000.0,0.0,0.0,2650000.000000002,19800000.000000004,9090000.0,0.0,43740000,0.964498,25560000,0.563616,0.0,34640000,0.763837,540000.0,34110000,0.75215,0.63178,0.63178,53990000,53990000,https://www.sec.gov/Archives/edgar/data/1508655/000156459015006079/0001564590-15-006079-index.html,https://www.sec.gov/Archives/edgar/data/1508655/000156459015006079/tslx-10q_20150630.htm
0,2015-03-31,TSLX,2015-05-07 00:00:00,2015-05-07 16:34:41,Q1,37730000,14180000,23550000,0.624172,0.0,2460000.0,0.0,0.0,2460000.000000001,16640000.000000002,3680000.0,0.0,28460000,0.754307,21090000,0.558972,0.0,24770000,0.656507,310000.0,24470000,0.648556,0.45399,0.45399,53900000,53900000,https://www.sec.gov/Archives/edgar/data/1508655/000156459015003591/0001564590-15-003591-index.html,https://www.sec.gov/Archives/edgar/data/1508655/000156459015003591/tslx-10q_20150331.htm
0,2014-12-31,TSLX,,,Q4,45780000,12210000,33570000,0.73329,0.0,2350000.0,0.0,0.0,2349999.9999999995,14560000,-16880000,0.0,-2530000.0,-0.055264,31220000,0.681957,0.0,14340000,0.313237,540000.0,13810000,0.30166,0.25693,0.25693,53750000,53750000,,
0,2014-09-30,TSLX,2014-11-03 00:00:00,2014-11-03 17:12:56,Q3,38400000,12620000,25780000,0.671354,0.0,2290000.0,0.0,0.0,2290000.000000001,14910000.000000002,-4510000.0,0.0,14470000,0.376823,23490000,0.611719,0.0,18980000,0.494271,380000.0,18600000,0.484375,0.34773,0.34773,53490000,53490000,https://www.sec.gov/Archives/edgar/data/1508655/000119312514394267/0001193125-14-394267-index.html,https://www.sec.gov/Archives/edgar/data/1508655/000119312514394267/d813731d10q.htm
0,2014-06-30,TSLX,2014-08-04 00:00:00,2014-08-04 16:29:56,Q2,45660000,13840000,31820000,0.69689,0.0,2160000.0,0.0,0.0,2160000.0,16000000,-2140000.0,0.0,25380000,0.555848,29660000,0.649584,0.0,27520000,0.602716,230000.0,27290000,0.597678,0.51374,0.51374,53120000,53120000,https://www.sec.gov/Archives/edgar/data/1508655/000119312514293593/0001193125-14-293593-index.html,https://www.sec.gov/Archives/edgar/data/1508655/000119312514293593/d769019d10q.htm
0,2014-03-31,TSLX,2014-05-08 00:00:00,2014-05-08 16:46:02,Q1,33480000,12530000,20950000,0.625747,0.0,2160000.0,0.0,-2460000.0,-299999.99999999895,12230000.000000002,4110000.0,0.0,29470000,0.880227,21250000,0.634707,-2460000.0,25360000,0.757467,10000.0,25350000,0.757168,0.61026,0.61026,41540000,41540000,https://www.sec.gov/Archives/edgar/data/1508655/000119312514190165/0001193125-14-190165-index.html,https://www.sec.gov/Archives/edgar/data/1508655/000119312514190165/d718673d10q.htm
0,2013-12-31,TSLX,,,Q4,27570000,10510000,17060000,0.618789,0.0,2050000.0,0.0,-2100000.0,-49999.99999999893,10460000.000000002,4060000.0,0.0,25240000,0.915488,17110000,0.620602,-2100000.0,21170000,0.767864,120000.0,21060000,0.763874,0.40586,0.40586,51890000,51890000,,
0,2013-09-30,TSLX,2013-11-08 00:00:00,2013-11-08 15:28:01,Q3,23300000,8930000.0,14360000,0.616309,0.0,1550000.0,0.0,-1850000.0,-299999.99999999895,8630000.000000002,1670000.0,0.0,18010000,0.772961,14670000,0.629614,-1850000.0,16340000,0.701288,80000.0,16260000,0.697854,0.31336,0.31336,51890000,51890000,https://www.sec.gov/Archives/edgar/data/1508655/000119312513435067/0001193125-13-435067-index.html,https://www.sec.gov/Archives/edgar/data/1508655/000119312513435067/d622340d10q.htm
0,2013-06-30,TSLX,2013-08-09 00:00:00,2013-08-09 16:47:48,Q2,20940000,8200000.0,12740000,0.608405,0.0,1630000.0,0.0,-1700000.0,-80000.00000000007,8120000.0,1390000.0,0.0,15600000,0.744986,12820000,0.612225,-1700000.0,14210000,0.678606,0.0,14210000,0.678606,0.27385,0.27385,51890000,51890000,https://www.sec.gov/Archives/edgar/data/1508655/000119312513329304/0001193125-13-329304-index.html,https://www.sec.gov/Archives/edgar/data/1508655/000119312513329304/d579967d10q.htm
0,2013-03-31,TSLX,2013-05-10 00:00:00,2013-05-10 15:45:55,Q1,20800000,8000000.0,12810000,0.615865,0.0,1180000.0,0.0,-1480000.0,-309999.9999999996,7690000.0,2360000.0,0.0,17820000,0.856731,13110000,0.630288,-1480000.0,15470000,0.74375,0.0,15460000,0.743269,0.29794,0.29794,51890000,51890000,https://www.sec.gov/Archives/edgar/data/1508655/000119312513214014/0001193125-13-214014-index.html,https://www.sec.gov/Archives/edgar/data/1508655/000119312513214014/d532463d10q.htm
0,2012-12-31,TSLX,2013-03-15 00:00:00,2013-03-15 15:08:18,Q4,18170000,7130000.0,11040000,0.607595,0.0,1400000.0,0.0,-1300000.0,100000.00000000052,7230000.000000001,1570000.0,0.0,14080000,0.774904,10940000,0.602091,-1300000.0,12510000,0.688498,50000.0,12460000,0.685746,0.24012,0.24012,51890000,51890000,https://www.sec.gov/Archives/edgar/data/1508655/000119312513109751/0001193125-13-109751-index.html,https://www.sec.gov/Archives/edgar/data/1508655/000119312513109751/d480583d10k.htm
0,2012-09-30,TSLX,2012-11-14 00:00:00,2012-11-14 10:34:07,Q3,14550000,6710000.0,7850000.0,0.539519,0.0,1120000.0,0.0,-1190000.0,-70000.00000000028,6640000.0,5660000.0,0.0,19240000,1.322337,7920000.0,0.54433,-1190000.0,13580000,0.933333,0.0,13580000,0.933333,0.26171,0.26171,51890000,51890000,https://www.sec.gov/Archives/edgar/data/1508655/000119312512469369/0001193125-12-469369-index.html,https://www.sec.gov/Archives/edgar/data/1508655/000119312512469369/d434820d10q.htm
0,2012-06-30,TSLX,2012-08-13 00:00:00,2012-08-13 17:04:57,Q2,11310000,4670000.0,6640000.0,0.587091,0.0,940000.0,0.0,-900000.0,40000.00000000004,4710000.0,1170000.0,0.0,8940000.0,0.790451,6600000.0,0.583554,-900000.0,7770000.0,0.687003,0.0,7770000.0,0.687003,0.14974,0.14974,51890000,51890000,https://www.sec.gov/Archives/edgar/data/1508655/000119312512352670/0001193125-12-352670-index.html,https://www.sec.gov/Archives/edgar/data/1508655/000119312512352670/d393613d10q.htm
0,2012-03-31,TSLX,2012-05-15 00:00:00,2012-05-15 15:20:43,Q1,6970000.0,3400000.0,3570000.0,0.512195,0.0,1280000.0,0.0,-320000.0,960000.0000000003,4360000.0,3170000.0,0.0,8960000.0,1.285509,2620000.0,0.375897,-320000.0,5790000.0,0.830703,0.0,5790000.0,0.830703,0.11158,0.11158,51890000,51890000,https://www.sec.gov/Archives/edgar/data/1508655/000119312512234261/0001193125-12-234261-index.html,https://www.sec.gov/Archives/edgar/data/1508655/000119312512234261/d352435d10q.htm
