,date,symbol,fillingDate,acceptedDate,period,revenue,costOfRevenue,grossProfit,grossProfitRatio,researchAndDevelopmentExpenses,generalAndAdministrativeExpenses,sellingAndMarketingExpenses,otherExpenses,operatingExpenses,costAndExpenses,interestExpense,depreciationAndAmortization,ebitda,ebitdaratio,operatingIncome,operatingIncomeRatio,totalOtherIncomeExpensesNet,incomeBeforeTax,incomeBeforeTaxRatio,incomeTaxExpense,netIncome,netIncomeRatio,eps,epsdiluted,weightedAverageShsOut,weightedAverageShsOutDil,link,finalLink
0,2020-09-30,HMST,2020-11-06,2020-11-06 16:04:26,Q3,63737000,0.0,63737000,1.0,0.0,7732000.0,0.0,0.0,7732000.0,7732000.0,-8053000.0,9636000.0,17069000,0.26780363054426787,7433000.0,0.11661985973610305,0.0,33782000,0.5300218083687654,0.0,26349000,0.41340194863266233,1.122196266160133,1.122196266160133,23479850,23479850,https://www.sec.gov/Archives/edgar/data/1518715/000151871520000193/0001518715-20-000193-index.htm,https://www.sec.gov/Archives/edgar/data/1518715/000151871520000193/hmst-20200930.htm
0,2020-06-30,HMST,2020-08-10,2020-08-10 16:24:40,Q2,88098000,52000.0,88046000,0.9994097482349202,0.0,64121000,0.0,0.0,74427000,-32572000,10306000,9436000.0,43719000,0.384717715769,23977000,0.171436296777,0.0,23977000,0.171436296777,5073000.0,18904000,-0.0922669262384,0.80512,0.80512,23479850,23479850,https://www.sec.gov/Archives/edgar/data/1518715/000151871520000162/0001518715-20-000162-index.htm,https://www.sec.gov/Archives/edgar/data/1518715/000151871520000162/hmst-20200630x10q.htm
0,2020-03-31,HMST,2020-05-08,2020-05-08 14:38:19,Q1,78064000,18315000,59749000,0.76538481246157,0.0,69184000,0.0,0.0,87499000,8018000.0,18315000,10343000,37538000,0.5360897919346967,8880000.0,0.07723703473670201,0.0,8880000.0,0.39394880440086955,1741000.0,7139000.0,0.31671176966416753,0.2992,0.2992,23860280,23860280,https://www.sec.gov/Archives/edgar/data/1518715/000151871520000105/0001518715-20-000105-index.htm,https://www.sec.gov/Archives/edgar/data/1518715/000151871520000047/hmst-20191231x10k.htm
0,2019-12-31,HMST,2020-03-06,2020-03-06 15:14:26,Q4,67443000,21255000,46188000,0.6848449802055069,0.0,51215000,0.0,0.0,72470000,8251000.0,21255000,9665000.000000004,45031000,1.3244434483789034,16228000,0.23330345136709996,0.0,16228000,1.2123113700881518,3123000.0,10988000,1.72014668806,0.44904,0.44904,24469890,24469890,https://www.sec.gov/Archives/edgar/data/1518715/000151871520000047/0001518715-20-000047-index.htm,https://www.sec.gov/Archives/edgar/data/1518715/000151871520000047/hmst-20191231x10k.htm
0,2019-09-30,HMST,2019-11-06,2019-11-06 15:05:15,Q3,71714000,22943000,48771000,0.6800764146470704,0.0,55721000,0.0,0.0,78664000,9526000.0,22943000,9972000.000000002,49070000,0.7711115290577393,15993000,0.14594696257287945,0.0,15993000,1.002633063757758,2328000.0,13827000,-0.4655507491693311,0.56148,0.56148,24625940,24625940,https://www.sec.gov/Archives/edgar/data/1518715/000151871519000204/0001518715-19-000204-index.htm,https://www.sec.gov/Archives/edgar/data/1518715/000151871519000204/hmst-20190930x10q.htm
0,2019-06-30,HMST,2019-08-08,2019-08-08 12:51:16,Q2,69016000,22892000,46124000,0.6683087979598934,0.0,58832000,0.0,0.0,81724000,7874000.0,22892000,9979000.0,28575000,0.9255214320906553,10184000,0.10609295450812942,0.0,10184000,0.8362621120052554,1292000.0,-5588000.0,0.730169157497126,-0.20992,-0.20992,26619220,26619220,https://www.sec.gov/Archives/edgar/data/1518715/000151871519000167/0001518715-19-000167-index.htm,https://www.sec.gov/Archives/edgar/data/1518715/000151871519000167/hmst-20190630x10q.htm
0,2019-03-31,HMST,2019-05-10,2019-05-10 15:25:37,Q1,55649000,21126000,34523000,0.6203705367571745,0.0,49346000,0.0,0.0,70472000,8211000.0,21126000,9883000.0,30539000,4.268507863444572,6303000.0,0.47756041426927504,0.0,6303000.0,2.4177215189873418,1245000.0,-1715000.0,1.9401611047180667,-0.06347,-0.06347,27021510,27021510,https://www.sec.gov/Archives/edgar/data/1518715/000151871519000110/0001518715-19-000110-index.htm,https://www.sec.gov/Archives/edgar/data/1518715/000151871519000056/hmst-20181231x10k.htm
0,2018-12-31,HMST,2019-03-06,2019-03-06 17:30:52,Q4,59292000,19343000,39949000,0.6737671186669365,0.0,48392000,0.0,0.0,67735000,10503000,19343000,6193000.000000001,44353000,0.47113742770586614,10900000,0.4092261085100523,0.0,10900000,0.4092261085100523,3590000.0,15227000,0.41936105755990083,0.56032,0.56032,27175520,27175520,https://www.sec.gov/Archives/edgar/data/1518715/000151871519000056/0001518715-19-000056-index.htm,https://www.sec.gov/Archives/edgar/data/1518715/000151871519000056/hmst-20181231x10k.htm
0,2018-09-30,HMST,2018-11-02,2018-11-02 16:24:28,Q3,58600000,16400000,42200000,0.7201365187713311,0.0,48700000,0.0,0.0,65100000,14007000,16400000,6600000.0,36600000,0.4705750375804896,9800000.0,0.32323708240784366,0.0,9800000.0,0.32323708240784366,1800000.0,11800000,0.2655313993403783,0.43382,0.43382,27200000,27200000,https://www.sec.gov/Archives/edgar/data/1518715/000151871518000289/0001518715-18-000289-index.htm,https://www.sec.gov/Archives/edgar/data/1518715/000151871518000289/hmst-20180930x10q.htm
0,2018-06-30,HMST,2018-08-03,2018-08-03 14:30:22,Q2,56100000,14100000,42000000,0.7486631016042781,0.0,51000000,0.0,0.0,65100000,14705000,14100000,6000000.0,28200000,0.26082841066451645,5200000.0,0.1547266385037424,0.0,5200000.0,0.1547266385037424,1000000.0,7100000.0,0.12443688758786306,0.26103,0.26103,27200000,27200000,https://www.sec.gov/Archives/edgar/data/1518715/000151871518000265/0001518715-18-000265-index.htm,https://www.sec.gov/Archives/edgar/data/1518715/000151871518000265/hmst-20180630x10q.htm
0,2018-03-31,HMST,2018-05-04,2018-05-04 15:19:22,Q1,52500000,11700000,40800000,0.7771428571428571,0.0,50300000,0.0,0.0,62000000,14677000,11700000,6100000.0,24300000,0.2860779403547259,2300000.0,0.16084769966265858,0.0,2300000.0,0.16084769966265858,600000.0,5900000.0,0.12140151907117283,0.21691,0.21691,27200000,27200000,https://www.sec.gov/Archives/edgar/data/1518715/000151871518000169/0001518715-18-000169-index.htm,https://www.sec.gov/Archives/edgar/data/1518715/000151871518000095/hmst-20171231x10k.htm
0,2017-12-31,HMST,2018-03-06,2018-03-06 16:27:27,Q4,123900000,12600000,111300000,0.8983050847457628,0.0,106800000,0.0,0.0,119400000,1454000.0,12600000,5800000.000000001,58800000,0.40935971505019003,17000000,0.29043747976208734,0.0,17000000,0.29043747976208734,5500000.0,34900000,0.750225866982,1.28782,1.28782,27100000,27100000,https://www.sec.gov/Archives/edgar/data/1518715/000151871518000095/0001518715-18-000095-index.htm,https://www.sec.gov/Archives/edgar/data/1518715/000151871518000095/hmst-20171231x10k.htm
0,2017-09-30,HMST,2017-11-03,2017-11-03 17:14:04,Q3,134700000,11100000,123600000,0.9175946547884187,0.0,115000000,0.0,0.0,126100000,16649000,11100000,5900000.0,36700000,0.3609491620898465,19800000,0.2785100690043656,0.0,19800000,0.2785100690043656,5900000.0,13800000,0.19488804393747358,0.50923,0.50923,27100000,27100000,https://www.sec.gov/Archives/edgar/data/1518715/000151871517000213/0001518715-17-000213-index.htm,https://www.sec.gov/Archives/edgar/data/1518715/000151871517000213/hmst-20170930x10q.htm
0,2017-06-30,HMST,2017-08-04,2017-08-04 14:33:28,Q2,127900000,9900000.0,118000000,0.9225957779515246,0.0,111700000,0.0,0.0,121600000,16003000,9900000.0,6100000.000000001,32100000,0.3373793773138314,16100000,0.24476543060023062,0.0,16100000,0.24476543060023062,4900000.0,11200000,0.17007040116526068,0.41328,0.41328,27100000,27100000,https://www.sec.gov/Archives/edgar/data/1518715/000151871517000184/0001518715-17-000184-index.htm,https://www.sec.gov/Archives/edgar/data/1518715/000151871517000184/hmst-20170630x10q.htm
0,2017-03-31,HMST,2017-05-05,2017-05-05 16:16:58,Q1,120200000,9600000.0,110600000,0.9201331114808652,0.0,106900000,0.0,0.0,116500000,17153000,9600000.0,4800000.0,27700000,0.2993480532837876,13200000,0.21960485061628043,0.0,13200000,0.21960485061628043,4300000.0,9000000.0,0.14901876213068793,0.3321,0.3321,27100000,27100000,https://www.sec.gov/Archives/edgar/data/1518715/000151871517000118/0001518715-17-000118-index.htm,https://www.sec.gov/Archives/edgar/data/1518715/000151871517000059/hmst-20161231x10k.htm
0,2016-12-31,HMST,2017-03-09,2017-03-09 16:31:23,Q4,121300000,8800000.0,112500000,0.9274525968672712,0.0,117900000,0.0,0.0,126700000,25732000,8800000.0,2899999.9999999986,15099999.999999998,0.130715147481,3400000.0,0.0708491076257,0.0,3400000.0,0.0708491076257,1100000.0,2300000.0,0.0477181012606,0.08984,0.08984,25600000,25600000,https://www.sec.gov/Archives/edgar/data/1518715/000151871517000059/0001518715-17-000059-index.htm,https://www.sec.gov/Archives/edgar/data/1518715/000151871517000059/hmst-20161231x10k.htm
0,2016-09-30,HMST,2016-11-08,2016-11-08 16:23:45,Q3,158500000,8500000.0,150000000,0.9463722397476341,0.0,115700000,0.0,0.0,124200000,23404000,8500000.0,4200000.000000001,55600000,1.00683731464,42900000,0.916584761335,0.0,42900000,0.916584761335,15200000,27700000,0.591876415538,1.108,1.108,25000000,25000000,https://www.sec.gov/Archives/edgar/data/1518715/000151871516000352/0001518715-16-000352-index.htm,https://www.sec.gov/Archives/edgar/data/1518715/000151871516000352/hmst-20160930x10q.htm
0,2016-06-30,HMST,2016-08-04,2016-08-04 17:12:03,Q2,147000000,6800000.0,140200000,0.9537414965986395,0.0,112100000,0.0,0.0,118900000,25711000,6800000.0,4800000.0,46400000,0.890899689762,34800000,0.782945910705,0.0,34800000,0.782945910705,13100000,21700000,0.488939346252,0.87149,0.87149,24900000,24900000,https://www.sec.gov/Archives/edgar/data/1518715/000151871516000318/0001518715-16-000318-index.htm,https://www.sec.gov/Archives/edgar/data/1518715/000151871516000318/hmst-20160630x10q.htm
0,2016-03-31,HMST,2016-05-05,2016-05-05 17:21:18,Q1,112400000,5400000.0,107000000,0.9519572953736655,0.0,102800000,0.0,0.0,108200000,23588000,5400000.0,3800000.0,18800000,0.329532329016,9600000.0,0.237054877,0.0,9600000.0,0.237054877,3200000.0,6400000.0,0.157454965471,0.26778,0.26778,23900000,23900000,https://www.sec.gov/Archives/edgar/data/1518715/000151871516000263/0001518715-16-000263-index.htm,https://www.sec.gov/Archives/edgar/data/1518715/000151871516000227/hmst-20151231x10k.htm
0,2015-12-31,HMST,2016-03-11,2016-03-10 19:43:03,Q4,105100000,4700000.0,100400000,0.9552806850618458,0.0,94600000,0.0,0.0,99300000,23274000,4700000.0,4200000.000000001,19400000,0.369929542023,10500000,0.264821338702,0.0,10500000,0.264821338702,1800000.0,8700000.0,0.218369401107,0.39013,0.39013,22300000,22300000,https://www.sec.gov/Archives/edgar/data/1518715/000151871516000227/0001518715-16-000227-index.htm,https://www.sec.gov/Archives/edgar/data/1518715/000151871516000227/hmst-20151231x10k.htm
0,2015-09-30,HMST,2015-11-05,2015-11-05 16:32:10,Q3,107100000,4400000.0,102700000,0.9589169000933707,0.0,92700000,0.0,0.0,97100000,23028000,4400000.0,3499999.999999999,22300000,0.452137054045,14400000,0.362718877731,0.0,14400000,0.362718877731,4400000.0,10000000,0.251324620276,0.44843,0.44843,22300000,22300000,https://www.sec.gov/Archives/edgar/data/1518715/000151871515000186/0001518715-15-000186-index.htm,https://www.sec.gov/Archives/edgar/data/1518715/000151871515000186/hmst-2015930x10q.htm
0,2015-06-30,HMST,2015-08-06,2015-08-06 14:46:38,Q2,111200000,4200000.0,107000000,0.9622302158273381,0.0,92800000,0.0,0.0,97000000,22216000,4200000.0,2600000.0000000005,25200000,0.546874182579,18400000,0.480826575987,0.0,18400000,0.480826575987,6000000.0,12400000,0.323724823437,0.55605,0.55605,22300000,22300000,https://www.sec.gov/Archives/edgar/data/1518715/000151871515000155/0001518715-15-000155-index.htm,https://www.sec.gov/Archives/edgar/data/1518715/000151871515000155/hmst-2015630x10q.htm
0,2015-03-31,HMST,2015-05-11,2015-05-11 14:11:16,Q1,106100000,3500000.0,102600000,0.9670122525918945,0.0,92500000,0.0,0.0,96000000,19281000,3500000.0,4600000.0,21700000,0.594000130149,13600000,0.443320101516,0.0,13600000,0.443320101516,3300000.0,10300000,0.335263877139,0.59195,0.59195,17400000,17400000,https://www.sec.gov/Archives/edgar/data/1518715/000151871515000104/0001518715-15-000104-index.htm,https://www.sec.gov/Archives/edgar/data/1518715/000151871515000075/hmst-20141231x10k.htm
0,2014-12-31,HMST,2015-03-25,2015-03-24 18:53:36,Q4,79000000,3300000.0,75700000,0.9582278481012658,0.0,69300000,0.0,0.0,72600000,17695000,3300000.0,4199999.999999999,17200000,0.505708675733,9700000.0,0.352628899716,0.0,9700000.0,0.352628899716,4100000.0,5600000.0,0.204385135626,0.37333,0.37333,15000000,15000000,https://www.sec.gov/Archives/edgar/data/1518715/000151871515000075/0001518715-15-000075-index.htm,https://www.sec.gov/Archives/edgar/data/1518715/000151871515000075/hmst-20141231x10k.htm
0,2014-09-30,HMST,2014-11-13,2014-11-12 18:28:05,Q3,71100000,3200000.0,67900000,0.9549929676511955,0.0,64200000,0.0,0.0,67400000,14546000,3200000.0,6100000.000000001,16300000,0.517780938834,7000000.0,0.275130393551,0.0,7000000.0,0.275130393551,2000000.0,5000000.0,0.196578157104,0.33333,0.33333,15000000,15000000,https://www.sec.gov/Archives/edgar/data/1518715/000151871514000168/0001518715-14-000168-index.htm,https://www.sec.gov/Archives/edgar/data/1518715/000151871514000168/hmst-2014930x10q.htm
0,2014-06-30,HMST,2014-08-08,2014-08-07 17:35:33,Q2,76800000,3100000.0,73700000,0.9596354166666666,0.0,63000000,0.0,0.0,66100000,16007000,3100000.0,2800000.0,19800000,0.715427485203,13800000,0.597312826716,0.0,13800000,0.597312826716,4500000.0,9400000.0,0.40445846114,0.62667,0.62667,15000000,15000000,https://www.sec.gov/Archives/edgar/data/1518715/000151871514000126/0001518715-14-000126-index.htm,https://www.sec.gov/Archives/edgar/data/1518715/000151871514000126/hmst-2014630x10q.htm
0,2014-03-31,HMST,2014-05-08,2014-05-08 12:11:57,Q1,57400000,3100000.0,54300000,0.945993031358885,0.0,54600000,0.0,0.0,57700000,14637000,3100000.0,4400000.0,10300000,0.319038393801,2800000.0,0.124515674533,0.0,2800000.0,0.124515674533,500000.0,2300000.0,0.101312081719,0.15436,0.15436,14900000,14900000,https://www.sec.gov/Archives/edgar/data/1518715/000151871514000073/0001518715-14-000073-index.htm,https://www.sec.gov/Archives/edgar/data/1518715/000151871514000053/hmst-20131231x10k.htm
0,2013-12-31,HMST,2014-03-17,2014-03-17 13:46:47,Q4,57500000,3000000.0,54500000,0.9478260869565217,0.0,58900000,0.0,0.0,61900000,14301000,3000000.0,4600000.0,6100000.0,0.417781311383,-1400000.0,-0.05691973271073183,0.0,-1400000.0,-0.05691973271073183,-600000.0,-900000.0,-0.034659045165445615,-0.06207,-0.06207,14500000,14500000,https://www.sec.gov/Archives/edgar/data/1518715/000151871514000053/0001518715-14-000053-index.htm,https://www.sec.gov/Archives/edgar/data/1518715/000151871514000053/hmst-20131231x10k.htm
0,2013-09-30,HMST,2013-11-07,2013-11-07 11:34:02,Q3,58600000,2900000.0,55700000,0.9505119453924915,0.0,56600000,0.0,-1538000.0,59500000,12786000,2900000.0,8300000.0,13200000,0.177346658828,2000000.0,0.0965118557711,0.0,2000000.0,0.0965118557711,300000.0,1700000.0,0.0814226925338,0.11486,0.11486,14800000,14800000,https://www.sec.gov/Archives/edgar/data/1518715/000151871513000215/0001518715-13-000215-index.htm,https://www.sec.gov/Archives/edgar/data/1518715/000151871513000215/hmst-2013930x10q.htm
0,2013-06-30,HMST,2013-08-08,2013-08-08 14:38:32,Q2,75000000,3100000.0,71900000,0.9586666666666667,0.0,57100000,0.0,-597000.0,60200000,13886000,3100000.0,1400000.0,22400000,1.10795291415,17900000,1.0254952627,0.0,17900000,1.0254952627,5800000.0,12100000,0.692965834051,0.81208,0.81208,14900000,14900000,https://www.sec.gov/Archives/edgar/data/1518715/000151871513000166/0001518715-13-000166-index.htm,https://www.sec.gov/Archives/edgar/data/1518715/000151871513000166/hmst-2013630x10q.htm
0,2013-03-31,HMST,2013-05-09,2013-05-09 14:15:28,Q1,74100000,5500000.0,68600000,0.9257759784075573,0.0,57800000,0.0,2135000.0,63300000,13884000,5500000.0,1500000.0,23300000,1.17446668855,16400000,1.07509025271,0.0,16400000,1.07509025271,5400000.0,10900000,0.718083360683,0.73649,0.73649,14800000,14800000,https://www.sec.gov/Archives/edgar/data/1518715/000151871513000114/0001518715-13-000114-index.htm,https://www.sec.gov/Archives/edgar/data/1518715/000151871513000048/hmst-20121231x10k.htm
0,2012-12-31,HMST,2013-03-15,2013-03-15 14:50:01,Q4,88500000,4300000.0,84200000,0.9514124293785311,0.0,60000000,0.0,1169000.0,64300000,11060000,4300000.0,8100000.0,41000000,1.97293607929,28600000,1.89239717491,0.0,28600000,1.89239717491,7100000.0,21500000,1.40874829367,1.46259,1.46259,14700000,14700000,https://www.sec.gov/Archives/edgar/data/1518715/000151871513000048/0001518715-13-000048-index.htm,https://www.sec.gov/Archives/edgar/data/1518715/000151871513000048/hmst-20121231x10k.htm
0,2012-09-30,HMST,2012-11-09,2012-11-09 13:31:12,Q3,85600000,4500000.0,81100000,0.947429906542056,0.0,51400000,0.0,347000.0,55900000,9445000.0,4500000.0,1400000.0,40100000,2.11576233734,34200000,2.03191750552,0.0,34200000,2.03191750552,12200000,22000000,1.31002946231,1.4966,1.4966,14700000,14700000,https://www.sec.gov/Archives/edgar/data/1518715/000151871512000069/0001518715-12-000069-index.htm,https://www.sec.gov/Archives/edgar/data/1518715/000151871512000069/hmst-2012930x10q.htm
0,2012-06-30,HMST,2012-08-10,2012-08-10 15:22:07,Q2,71700000,5100000.0,66600000,0.9288702928870293,0.0,49000000,0.0,6049000.0,54100000,15714000,5100000.0,1100000.0,28900000,1.4784798203,22700000,1.4014564162,0.0,22700000,1.4014564162,4000000.0,18700000,1.34218534889,1.06857,1.06857,17500000,17500000,https://www.sec.gov/Archives/edgar/data/1518715/000151871512000013/0001518715-12-000013-index.htm,https://www.sec.gov/Archives/edgar/data/1518715/000151871512000013/hmst-2012630x10q.htm
0,2012-03-31,HMST,2012-05-14,2012-05-14 17:12:57,Q1,52900000,6000000.0,46900000,0.8865784499054821,0.0,34700000,0.0,2520000.0,40700000,5663000.0,6000000.0,1000000.0,25300000,0.5936678200692042,18200000,0.5996193771626298,0.0,18200000,0.5996193771626298,-1700000.0,20000000,0.6591695501730104,1.86916,1.86916,10700000,10700000,https://www.sec.gov/Archives/edgar/data/1518715/000119312512231646/0001193125-12-231646-index.htm,https://www.sec.gov/Archives/edgar/data/1518715/000119312512231646/d326760d10q.htm
