,date,symbol,fillingDate,acceptedDate,period,revenue,costOfRevenue,grossProfit,grossProfitRatio,researchAndDevelopmentExpenses,generalAndAdministrativeExpenses,sellingAndMarketingExpenses,otherExpenses,operatingExpenses,costAndExpenses,interestExpense,depreciationAndAmortization,ebitda,ebitdaratio,operatingIncome,operatingIncomeRatio,totalOtherIncomeExpensesNet,incomeBeforeTax,incomeBeforeTaxRatio,incomeTaxExpense,netIncome,netIncomeRatio,eps,epsdiluted,weightedAverageShsOut,weightedAverageShsOutDil,link,finalLink
0,2017-03-31,AABA,2017-05-09 00:00:00,2017-05-09 16:07:27,Q1,1327270000,758691000,568579000,0.4283823185938053,252220000,156837000,209366000,220643000,839066000,1386017000,18844000,132266000,73519000,0.0553911412147,-58747000,-0.04426152930451227,18822000,4234305000,3.1902363498,-26177000,99434000,0.0749161813346,0.10324,0.10324,955859000,963169000,https://www.sec.gov/Archives/edgar/data/1011006/000119312517164173/0001193125-17-164173-index.html,https://www.sec.gov/Archives/edgar/data/1011006/000119312517164173/d358906d10q.htm
0,2016-12-31,AABA,2017-03-01 00:00:00,2017-03-01 16:26:52,Q4,1469140000,779483000,689657000,0.4694290537321154,253754000,160189000,206810000,247978000,868731000,1404989000,18545000,136139000,200290000,0.136331459221,64151000,0.0436656819636,-53916000,48711000,0.033156132158950136,126228000,161998000,0.110267231169,0.17055,0.17055,949843000,949843000,https://www.sec.gov/Archives/edgar/data/1011006/000119312517065791/0001193125-17-065791-index.html,https://www.sec.gov/Archives/edgar/data/1011006/000119312517065791/d293630d10k.htm
0,2016-09-30,AABA,2016-11-09 00:00:00,2016-11-09 16:19:21,Q3,1305206000,712398000,592808000,0.454187308363584,243644000,176713000,212654000,259938000,892949000,1357525000,18513000,132191000,79872000,0.0611949378106,-52319000,-0.04008486016766702,32354000,6414774000,4.91475981569,-19223000,162826000,0.124751188701,0.17166,0.17166,948524000,948524000,https://www.sec.gov/Archives/edgar/data/1011006/000119312516764376/0001193125-16-764376-index.html,https://www.sec.gov/Archives/edgar/data/1011006/000119312516764376/d244526d10q.htm
0,2016-06-30,AABA,2016-08-08,2016-08-08 17:24:28,Q2,1307637000,742879000,564758000,0.4318920311982607,280035000,158355000,226024000,272387000,936801000,1797313000,18332000,149731000,-339945000,-0.25996893633324847,-489676000,-0.37447395569259667,-32354000,-474614000,-0.3629554685283454,15543000,-610177000,-0.46662567669773797,-0.64427,-0.64427,947076000,947076000,https://www.sec.gov/Archives/edgar/data/1011006/000119312516675348/0001193125-16-675348-index.htm,https://www.sec.gov/Archives/edgar/data/1011006/000119312516675348/d192816d10q.htm
0,2016-03-31,AABA,2016-05-10 00:00:00,2016-05-09 20:04:28,Q1,1087152000,518876000,568276000,0.5227199140506571,278029000,155451000,236033000,227061000,896574000,1254366000,18393000,155955000,-11259000,-0.010356417501876462,-167214000,-0.15380921895006402,0.0,-214630000,-0.1974240952507101,-34766000,-98290000,-0.09041054056838418,-0.10393,-0.10393,945719000,945719000,https://www.sec.gov/Archives/edgar/data/1011006/000119312516584244/0001193125-16-584244-index.html,https://www.sec.gov/Archives/edgar/data/1011006/000119312516584244/d152715d10q.htm
0,2015-12-31,AABA,2016-02-29 00:00:00,2016-02-29 09:18:01,Q4,1273393000,636082000,637311000,0.5004825690105097,272463000,181733000,256728000,222114000,933038000,5803427000,18325000,168060000,-4361974000,-3.425473518387489,-4530034000,-3.5574516272666803,-9023000.0,709351000,0.557055834295,13985000,-4432227000,-3.480643446288773,-4.71945,-4.71945,939141000,939141000,https://www.sec.gov/Archives/edgar/data/1011006/000119312516483790/0001193125-16-483790-index.html,https://www.sec.gov/Archives/edgar/data/1011006/000119312516483790/d12894d10k.htm
0,2015-09-30,AABA,2015-11-05 00:00:00,2015-11-05 16:43:58,Q3,1225673000,535823000,689850000,0.5628336432311065,272285000,151963000,274329000,230726000,929303000,1311985000,18412000,168279000,81967000,0.0668750963756,-86312000,-0.07042008757637641,-66759000,-110267000,-0.08996445218259683,93208000,76261000,0.0622196948126,0.08077,0.08077,937713000,944160000,https://www.sec.gov/Archives/edgar/data/1011006/000119312515368412/0001193125-15-368412-index.html,https://www.sec.gov/Archives/edgar/data/1011006/000119312515368412/d27304d10q.htm
0,2015-06-30,AABA,2015-08-07 00:00:00,2015-08-07 16:32:14,Q2,1243265000,503362000,739903000,0.5951289548085082,306428000,180595000,274304000,263042000,1024369000,1288059000,17558000,169339000,124545000,0.100175746924,-44794000,-0.03602932600853398,0.0,-56535000,-0.04547300857017611,58495000,-19189000,-0.015434360333476773,-0.0205,-0.0205,936159000,936159000,https://www.sec.gov/Archives/edgar/data/1011006/000119312515283145/0001193125-15-283145-index.html,https://www.sec.gov/Archives/edgar/data/1011006/000119312515283145/d932951d10q.htm
0,2015-03-31,AABA,2015-05-07 00:00:00,2015-05-07 16:11:59,Q1,1225970000,474411000,751559000,0.6130321296605953,326747000,173513000,275357000,245456000,1021073000,1313324000,17570000,166996000,79642000,0.0649624379063,-87354000,-0.07125296703834515,0.0,-118417000,-0.09659045490509556,40900000,21198000,0.0172907983066,0.02236,0.02236,934748000,947976000,https://www.sec.gov/Archives/edgar/data/1011006/000119312515177109/0001193125-15-177109-index.html,https://www.sec.gov/Archives/edgar/data/1011006/000119312515177109/d890801d10q.htm
0,2014-12-31,AABA,2015-02-27,2015-02-26 21:22:01,Q4,1253072000,340057000,913015000,0.7286213401943384,316231000,162997000,301987000,218958000,1000173000,1220918000,17390000,168285000,200439000,0.159958087005,32154000,0.0256601376457,87550000,3496511000,2.79035123281,52340000,166344000,0.132748956165,0.16566,0.16566,987819000,1004108000,https://www.sec.gov/Archives/edgar/data/1011006/000119312515066560/0001193125-15-066560-index.htm,https://www.sec.gov/Archives/edgar/data/1011006/000119312515066560/d826131d10k.htm
0,2014-09-30,AABA,2014-11-07 00:00:00,2014-11-07 16:06:51,Q3,1148140000,324194000,823946000,0.717635479993729,305624000,147234000,309618000,223720000,986196000,1105968000,17292000,164201000,206373000,0.17974550142,42172000,0.0367307122825,10308931000,25332115000,22.0636115805,3973402000,6774102000,5.90006619402,6.65475,6.65475,1001066000,1017935000,https://www.sec.gov/Archives/edgar/data/1011006/000119312514403314/0001193125-14-403314-index.html,https://www.sec.gov/Archives/edgar/data/1011006/000119312514403314/d777599d10q.htm
0,2014-06-30,AABA,2014-08-07 00:00:00,2014-08-07 16:06:37,Q2,1084191000,318183000,766008000,0.706524957318406,303659000,128019000,292817000,216845000,941340000,1045754000,17088000,161720000,200157000,0.18461415009,38437000,0.0354522404263,-13589000,332645000,0.306814020777,8143000.0,269707000,0.248763363651,0.26363,0.26363,1004828000,1023056000,https://www.sec.gov/Archives/edgar/data/1011006/000119312514300660/0001193125-14-300660-index.html,https://www.sec.gov/Archives/edgar/data/1011006/000119312514300660/d731964d10q.htm
0,2014-03-31,AABA,2014-05-08 00:00:00,2014-05-08 16:33:15,Q1,1132730000,349440000,783290000,0.6915063607390993,281632000,136493000,329846000,214015000,961986000,1102551000,17081000,172200000,202379000,0.178664818624,30179000,0.0266427127383,-13453000,158761000,0.140157848737,4217000.0,311578000,0.27506819807,0.30209,0.30209,1009890000,1031420000,https://www.sec.gov/Archives/edgar/data/1011006/000119312514190107/0001193125-14-190107-index.html,https://www.sec.gov/Archives/edgar/data/1011006/000119312514190107/d696051d10q.htm
0,2013-12-31,AABA,2014-02-28,2014-02-28 16:08:52,Q4,1265795000,345830000,919965000,0.7267883030032509,285215000,149791000,311501000,177315000,923822000,1091577000,14319000,152838000,327056000,0.258379911439,174218000,0.137635241094,-2691000.0,409256000,0.323319336859,41498000,348190000,0.275076137921,0.32516,0.32516,1052705000,1070811000,https://www.sec.gov/Archives/edgar/data/1011006/000119312514077321/0001193125-14-077321-index.htm,https://www.sec.gov/Archives/edgar/data/1011006/000119312514077321/d636872d10k.htm
0,2013-09-30,AABA,2013-11-12 00:00:00,2013-11-12 15:49:44,Q3,1138973000,332835000,806138000,0.7077762159419055,267444000,151304000,282562000,408421000,1109731000,1737832000,0.0,158244000,251003000,0.22037660243,92759000,0.08144091212,5370000.0,240357000,0.211029585425,31891000,296656000,0.260459203159,0.2743,0.2743,1065949000,1081495000,https://www.sec.gov/Archives/edgar/data/1011006/000119312513438172/0001193125-13-438172-index.html,https://www.sec.gov/Archives/edgar/data/1011006/000119312513438172/d587930d10q.htm
0,2013-06-30,AABA,2013-08-08 00:00:00,2013-08-08 16:52:39,Q2,1135244000,338607000,796637000,0.7017319624679804,236248000,135039000,279738000,583488000,651025000,651025000,0.0,160493000,297472000,0.262033536403,136979000,0.120660404283,23606000,271051000,0.238760125577,50267000,331150000,0.29169940559,0.30066,0.30066,1086780000,1101395000,https://www.sec.gov/Archives/edgar/data/1011006/000119312513327068/0001193125-13-327068-index.html,https://www.sec.gov/Archives/edgar/data/1011006/000119312513327068/d540713d10q.htm
0,2013-03-31,AABA,2013-05-07 00:00:00,2013-05-06 21:47:15,Q1,1140368000,347653000,792715000,0.6951396391340339,219580000,133421000,257019000,563958000,610020000,610020000,0.0,162274000,348244000,0.305378614623,185970000,0.163078935922,17072000,203042000,0.178049541902,29736000,390285000,0.34224478414,0.35221,0.35221,1094170000,1108095000,https://www.sec.gov/Archives/edgar/data/1011006/000119312513202371/0001193125-13-202371-index.html,https://www.sec.gov/Archives/edgar/data/1011006/000119312513202371/d498788d10q.htm
0,2012-12-31,AABA,2013-03-01 00:00:00,2013-02-28 18:39:53,Q4,1345807000,414315000,931492000,0.6921438215137832,240417000,144610000,274122000,-2041294000,659149000,659149000,0.0,169492000,359482000,0.267112594897,189990000,0.141171802495,17730000,207720000,0.154346054078,83007000,272267000,0.202307611715,0.22634,0.22634,1192775000,1202906000,https://www.sec.gov/Archives/edgar/data/1011006/000119312513085111/0001193125-13-085111-index.html,https://www.sec.gov/Archives/edgar/data/1011006/000119312513085111/d442073d10k.htm
0,2012-09-30,AABA,2012-11-08 00:00:00,2012-11-08 16:47:21,Q3,1201732000,397273000,804459000,0.6694163091271598,217301000,135249000,269272000,645022000,621822000,621822000,0.0,170361000,322550000,0.268404269837,152189000,0.12664138094,4607656000,4759845000,3.96082071543,1774094000,3160238000,2.62973608092,2.60224,2.60224,1205050000,1214430000,https://www.sec.gov/Archives/edgar/data/1011006/000119312512460641/0001193125-12-460641-index.html,https://www.sec.gov/Archives/edgar/data/1011006/000119312512460641/d402943d10q.htm
0,2012-06-30,AABA,2012-08-09 00:00:00,2012-08-09 16:18:19,Q2,1217794000,418092000,799702000,0.656680850784287,199628000,136117000,272911000,753953000,598603000,598603000,0.0,160653000,215466000,0.176931402191,54813000,0.0450100755957,20175000,74988000,0.0615769169498,26523000,226631000,0.186099619476,0.18514,0.18514,1214551000,1224102000,https://www.sec.gov/Archives/edgar/data/1011006/000119312512347578/0001193125-12-347578-index.html,https://www.sec.gov/Archives/edgar/data/1011006/000119312512347578/d354721d10q.htm
0,2012-03-31,AABA,2012-05-09,2012-05-09 16:17:36,Q1,1221233000,400964000,820269000,0.6716728093656166,228478000,124271000,285267000,642319000,648069000,648069000,0.0,154095000,323471000,0.264872469054,169376000,0.138692616397,2278000.0,171654000,0.140557944307,56419000,286343000,0.234470408186,0.23347,0.23347,1215783000,1226486000,https://www.sec.gov/Archives/edgar/data/1011006/000119312512222082/0001193125-12-222082-index.htm,https://www.sec.gov/Archives/edgar/data/1011006/000119312512222082/d312198d10q.htm
0,2011-12-31,AABA,2012-02-29 00:00:00,2012-02-29 06:09:47,Q4,1324153000,394757000,929396000,0.7018796166304045,260552000,112273000,289270000,24854000,686949000,1081706000,0.0,155632000,398079000,0.300629156903,242447000,0.183095911122,9768000.0,252215000,0.190472702173,78287000,295572000,0.223215897257,0.2305,0.2305,1274240000,1282282000,https://www.sec.gov/Archives/edgar/data/1011006/000119312512086972/0001193125-12-086972-index.html,https://www.sec.gov/Archives/edgar/data/1011006/000119312512086972/d258337d10k.htm
0,2011-09-30,AABA,2011-11-07 00:00:00,2011-11-07 16:17:24,Q3,1216665000,359276000,857389000,0.7047042530195247,254958000,128977000,290486000,5714000.0,680135000,1039411000,0.0,157713000,334967000,0.275315719611,177254000,0.145688418751,18046000,195300000,0.160520767837,55731000,293291000,0.241061426112,0.2263,0.2263,1287352000,1296040000,https://www.sec.gov/Archives/edgar/data/1011006/000119312511299810/0001193125-11-299810-index.html,https://www.sec.gov/Archives/edgar/data/1011006/000119312511299810/d223999d10q.htm
0,2011-06-30,AABA,2011-08-08 00:00:00,2011-08-08 16:33:23,Q2,1229024000,371155000,857869000,0.6980083383237431,246513000,131330000,280312000,8819000.0,666974000,1038129000,0.0,166216000,357111000,0.290564708256,190895000,0.155322434712,-5666000.0,185229000,0.150712272502,55629000,236972000,0.19281315906,0.18031,0.18031,1304505000,1314272000,https://www.sec.gov/Archives/edgar/data/1011006/000119312511214306/0001193125-11-214306-index.html,https://www.sec.gov/Archives/edgar/data/1011006/000119312511214306/d10q.htm
0,2011-03-31,AABA,2011-05-10 00:00:00,2011-05-10 16:35:10,Q1,1214357000,377462000,836895000,0.689167188890911,243067000,123224000,262234000,18625000,647150000,1024612000,0.0,168678000,358423000,0.295154555044,189745000,0.156251415358,5027000.0,194772000,0.16039105469,52120000,222992000,0.183629690445,0.16891,0.16891,1309064000,1320185000,https://www.sec.gov/Archives/edgar/data/1011006/000119312511134295/0001193125-11-134295-index.html,https://www.sec.gov/Archives/edgar/data/1011006/000119312511134295/d10q.htm
0,2010-12-31,AABA,2011-02-28,2011-02-28 16:31:35,Q4,1525109000,557687000,967422000,0.6343297429888618,277822000,125755000,298508000,45361000,747446000,1305133000,0.0,197300000,417276000,0.273604050596,219976000,0.144236248032,7602000.0,227578000,0.149220809791,17142000,312020000,0.204588655631,0.22865,0.22865,1354118000,1364612000,https://www.sec.gov/Archives/edgar/data/1011006/000119312511050000/0001193125-11-050000-index.htm,https://www.sec.gov/Archives/edgar/data/1011006/000119312511050000/d10k.htm
0,2010-09-30,AABA,2010-11-08 00:00:00,2010-11-08 16:18:22,Q3,1601203000,680754000,920449000,0.5748484108510913,269725000,126816000,320977000,13776000,731294000,1412048000,0.0,161993000,351148000,0.219302611849,189155000,0.11813305371,191351000,380506000,0.237637576247,86413000,396131000,0.247395864235,0.28658,0.28658,1370145000,1382255000,https://www.sec.gov/Archives/edgar/data/1011006/000119312510252113/0001193125-10-252113-index.html,https://www.sec.gov/Archives/edgar/data/1011006/000119312510252113/d10q.htm
0,2010-06-30,AABA,2010-08-09 00:00:00,2010-08-09 15:06:19,Q2,1601379000,682722000,918657000,0.5736661964469373,268552000,125333000,331468000,17932000,743285000,1426007000,0.0,157970000,333342000,0.208159342667,175372000,0.109513113385,12588000,187960000,0.117373838423,68524000,213321000,0.13321081393,0.15217,0.15217,1388341000,1401836000,https://www.sec.gov/Archives/edgar/data/1011006/000119312510183175/0001193125-10-183175-index.html,https://www.sec.gov/Archives/edgar/data/1011006/000119312510183175/d10q.htm
0,2010-03-31,AABA,2010-05-10 00:00:00,2010-05-10 16:57:19,Q1,1596960000,706382000,890578000,0.5576708245666767,266077000,110428000,313538000,12514000,702557000,1408939000,0.0,165246000,353267000,0.221212178138,188021000,0.117736824967,86328000,274349000,0.171794534616,49444000,310191000,0.194238428013,0.21946,0.21946,1398308000,1413432000,https://www.sec.gov/Archives/edgar/data/1011006/000119312510114760/0001193125-10-114760-index.html,https://www.sec.gov/Archives/edgar/data/1011006/000119312510114760/d10q.htm
0,2009-12-31,AABA,2010-02-26 00:00:00,2010-02-26 17:19:25,Q4,1731977000,751487000,980490000,0.5661102889934451,0.0,149282000,357470000,-1019363000,-512611000,238876000,0.0,142503000,261258000,0.15084380450779658,118755000,0.06856615301473402,5168000.0,123923000,0.07155002635716294,-36831000,155738000,0.08991920793405456,0.11001,0.11001,1397652000,1415658000,https://www.sec.gov/Archives/edgar/data/1011006/000119312510043149/0001193125-10-043149-index.html,https://www.sec.gov/Archives/edgar/data/1011006/000119312510043149/d10k.htm
0,2009-09-30,AABA,2009-11-06 00:00:00,2009-11-06 16:31:47,Q3,1575399000,711586000,863813000,0.5483137922519946,0.0,155421000,286382000,333199000,775002000,1486588000,0.0,138541000,230040000,0.1460201510855345,91499000,0.058079889602570524,105390000,196889000,0.12497722799113113,-77727000,187816000,0.11921805206173167,0.13267,0.13267,1397652000,1415658000,https://www.sec.gov/Archives/edgar/data/1011006/000119312509227594/0001193125-09-227594-index.html,https://www.sec.gov/Archives/edgar/data/1011006/000119312509227594/d10q.htm
0,2009-06-30,AABA,2009-08-07 00:00:00,2009-08-07 16:20:14,Q2,1572897000,715116000,857781000,0.5453510306142106,0.0,138652000,280386000,365653000,784691000,1499807000,0.0,138636000,214389000,0.1363019956170048,75753000,0.04816144985971745,72010000,147763000,0.0939432143363488,-68879000,143040000,0.09094047480540683,0.10104,0.10104,1397652000,1415658000,https://www.sec.gov/Archives/edgar/data/1011006/000119312509169110/0001193125-09-169110-index.html,https://www.sec.gov/Archives/edgar/data/1011006/000119312509169110/d10q.htm
0,2009-03-31,AABA,2009-05-08 00:00:00,2009-05-08 16:16:14,Q1,1580042000,704316000,875726000,0.5542422290040392,0.0,136997000,321112000,320511000,778620000,1482936000,0.0,134866000,235551000,0.14907894853427947,100685000,0.06372298964204749,4960000.0,105645000,0.06686214670242943,-35884000,118695000,0.07512142082299078,0.08519,0.08519,1393347000,1393347000,https://www.sec.gov/Archives/edgar/data/1011006/000119312509105397/0001193125-09-105397-index.html,https://www.sec.gov/Archives/edgar/data/1011006/000119312509105397/d10q.htm
0,2008-12-31,AABA,2009-02-27 00:00:00,2009-02-27 17:08:49,Q4,100000.0,42000.0,58000.0,0.58,0.0,10000.0,22000.0,26000.0,58000.0,100000.0,0.0,136345000,136346000,1363.46,1000.0,0.01,1000.0,1000.0,0.01,-3000.0,6000.0,0.06,0.0,0.0,1363382000,1363382000,https://www.sec.gov/Archives/edgar/data/1011006/000119312509041172/0001193125-09-041172-index.html,https://www.sec.gov/Archives/edgar/data/1011006/000119312509041172/d10k.htm
0,2008-09-30,AABA,2008-11-07 00:00:00,2008-11-07 16:16:22,Q3,1786426000,776560000,1009866000,0.5652996541698341,0.0,199593000,396982000,347400000,943975000,1720535000,0.0,128997000,199171000,0.11149132401789942,70174000,0.03928178385222786,8881000.0,79055000,0.04425316245957012,-50577000,54348000,0.030422754706884023,0.03986,0.03986,1363382000,1363382000,https://www.sec.gov/Archives/edgar/data/1011006/000089161808000475/0000891618-08-000475-index.html,https://www.sec.gov/Archives/edgar/data/1011006/000089161808000475/f50322e10vq.htm
0,2008-06-30,AABA,2008-08-08 00:00:00,2008-08-08 16:31:28,Q2,1798085000,769460000,1028625000,0.5720669490040794,0.0,188811000,404899000,337943000,931653000,1701113000,0.0,125913000,226434000,0.12593064287839562,100521000,0.05590447615101622,24674000,125195000,0.06962685301306668,-47693000,131215000,0.07297485936426809,0.09697,0.09697,1353180000,1353180000,https://www.sec.gov/Archives/edgar/data/1011006/000089161808000399/0000891618-08-000399-index.html,https://www.sec.gov/Archives/edgar/data/1011006/000089161808000399/f42710e10vq.htm
0,2008-03-31,AABA,2008-05-08 00:00:00,2008-05-08 16:46:25,Q1,1817602000,758363000,1059239000,0.5827672944902129,0.0,171080000,424591000,346231000,941902000,1700265000,0.0,117557000,238174000,0.13103748785487693,120617000,0.06636051236739396,23662000,144279000,0.07937876388780382,-56973000,542163000,0.2982847730141142,0.4065,0.4065,1333730000,1333730000,https://www.sec.gov/Archives/edgar/data/1011006/000089161808000255/0000891618-08-000255-index.html,https://www.sec.gov/Archives/edgar/data/1011006/000089161808000255/f40396e10vq.htm
0,2007-12-31,AABA,2008-02-27,2008-02-27 15:58:57,Q4,100000.0,41000.0,59000.0,0.59,0.0,9000.0,23000.0,17000.0,49000.0,90000.0,0.0,109433000,109443000,1094.43,10000.0,0.1,2000.0,12000.0,0.12,-5000.0,9000.0,0.09,1e-05,1e-05,1342387000,1342387000,https://www.sec.gov/Archives/edgar/data/1011006/000089161808000121/0000891618-08-000121-index.htm,https://www.sec.gov/Archives/edgar/data/1011006/000089161808000121/f37158e10vk.htm
0,2007-09-30,AABA,2007-11-09 00:00:00,2007-11-09 14:35:29,Q3,1767506000,742755000,1024751000,0.5797722893161324,0.0,161511000,410936000,304667000,877114000,1619869000,0.0,102422000,252614000,0.14292115557174911,150192000,0.08497396897096814,43748000,491210000,0.2779113621113592,-78653000,151286000,0.08559292019376455,0.1127,0.1127,1342387000,1342387000,https://www.sec.gov/Archives/edgar/data/1011006/000095013407023502/0000950134-07-023502-index.html,https://www.sec.gov/Archives/edgar/data/1011006/000095013407023502/f35195e10vq.htm
0,2007-06-30,AABA,2007-08-08 00:00:00,2007-08-08 16:46:29,Q2,1697920000,687376000,1010544000,0.5951658499811534,0.0,133258000,390430000,306263000,829951000,1517327000,0.0,103002000,287959000,0.16959515171503958,184957000,0.10893151620806633,30736000,-81577000,-0.0480452553712778,-87732000,160567000,0.09456688183188842,0.11929,0.11929,1346035000,1346035000,https://www.sec.gov/Archives/edgar/data/1011006/000089161807000474/0000891618-07-000474-index.html,https://www.sec.gov/Archives/edgar/data/1011006/000089161807000474/f32404e10vq.htm
0,2007-03-31,AABA,2007-05-10 00:00:00,2007-05-10 15:27:40,Q1,1671850000,713637000,958213000,0.5731453180608308,0.0,155165000,367419000,266602000,789186000,1502823000,0.0,94509000,263536000,0.15763136645033946,169027000,0.10110177348446332,35451000,204478000,0.12230642701199271,-92358000,142424000,0.08518946077698358,0.10531,0.10531,1352476000,1352476000,https://www.sec.gov/Archives/edgar/data/1011006/000089161807000306/0000891618-07-000306-index.html,https://www.sec.gov/Archives/edgar/data/1011006/000089161807000306/f30054e10vq.htm
0,2006-12-31,AABA,2007-02-23,2007-02-23 17:21:29,Q4,100000.0,42000.0,58000.0,0.58,0.0,8000.0,20000.0,15000.0,43000.0,85000.0,0.0,84431000,84446000,844.46,15000.0,0.15,2000.0,17000.0,0.17,-7000.0,12000.0,0.12,1e-05,1e-05,1399800000,1399800000,https://www.sec.gov/Archives/edgar/data/1011006/000089161807000108/0000891618-07-000108-index.htm,https://www.sec.gov/Archives/edgar/data/1011006/000089161807000108/f27089e10vk.htm
0,2006-09-30,AABA,2006-11-03,2006-11-03 16:17:42,Q3,1580322000,682809000,897513000,0.5679304597417488,0.0,130984000,331025000,234853000,696862000,1379671000,0.0,78529000,280869000,0.17772896915944977,202340000,0.12803719748253836,50268000,252608000,0.1598459048219287,-124372000,158529000,0.10031436631268817,0.11325,0.11325,1399800000,1399800000,https://www.sec.gov/Archives/edgar/data/1011006/000110465906071213/0001104659-06-071213-index.htm,https://www.sec.gov/Archives/edgar/data/1011006/000110465906071213/a06-21898_110q.htm
0,2006-06-30,AABA,2006-08-04,2006-08-04 16:26:03,Q2,1575854000,647349000,928505000,0.5892075027255063,0.0,131909000,325845000,242746000,700500000,1347849000,0.0,70587000,264738000,0.16799652759709974,194151000,0.1232036724214299,36090000,265677000,0.1685923949807533,-122698000,164330000,0.10427996502214038,0.1164,0.1164,1411758000,1411758000,https://www.sec.gov/Archives/edgar/data/1011006/000110465906051598/0001104659-06-051598-index.htm,https://www.sec.gov/Archives/edgar/data/1011006/000110465906051598/a06-15587_110q.htm
0,2006-03-31,AABA,2006-05-05,2006-05-05 16:40:31,Q1,1567055000,659628000,907427000,0.5790651891605592,0.0,128305000,331160000,248435000,707900000,1367528000,0.0,68614000,305262000,0.1947997996241357,236648000,0.15101448258038166,35436000,236648000,0.15101448258038166,-102932000,159859000,0.10201237352868917,0.11274,0.11274,1417917000,1417917000,https://www.sec.gov/Archives/edgar/data/1011006/000110465906031614/0001104659-06-031614-index.htm,https://www.sec.gov/Archives/edgar/data/1011006/000110465906031614/a06-9731_110q.htm
0,2005-12-31,AABA,2006-03-03,2006-03-03 17:23:02,Q4,40000.0,40000.0,0.0,0.0,0.0,6000.0,20000.0,13000.0,39000.0,79000.0,0.0,111233000,111254000,2781.35,21000.0,0.525,27000.0,48000.0,1.2,-14000.0,62000.0,1.55,4e-05,4e-05,1395188000,1395188000,https://www.sec.gov/Archives/edgar/data/1011006/000110465906014033/0001104659-06-014033-index.htm,https://www.sec.gov/Archives/edgar/data/1011006/000110465906014033/a06-3183_110k.htm
0,2005-09-30,AABA,2005-11-04,2005-11-04 16:03:56,Q3,1329929000,520238000,809691000,0.6088227266267597,0.0,77733000,265714000,196187000,539634000,1059872000,0.0,101541000,371598000,0.2794119084552634,270057000,0.20306121604987937,65995000,336052000,0.25268416584644743,-113797000,253773000,0.1908169533862334,0.18189,0.18189,1395188000,1395188000,https://www.sec.gov/Archives/edgar/data/1011006/000110465905052705/0001104659-05-052705-index.htm,https://www.sec.gov/Archives/edgar/data/1011006/000110465905052705/a05-18523_110q.htm
0,2005-06-30,AABA,2005-08-05,2005-08-05 15:50:18,Q2,1668953000,657490000,1011463000,0.6060464255134806,0.0,97419000,310630000,226851000,634900000,1292390000,0.0,118176000,494739000,0.29643674806899895,376563000,0.22562828312121433,1015352000,1391915000,0.8340049120616339,-571581000,858037000,0.5141169343894046,0.61717,0.61717,1390277000,1390277000,https://www.sec.gov/Archives/edgar/data/1011006/000110465905036846/0001104659-05-036846-index.htm,https://www.sec.gov/Archives/edgar/data/1011006/000110465905036846/a05-14285_110q.htm
0,2005-03-31,AABA,2005-05-06,2005-05-06 16:32:18,Q1,757786000,281705000,476081000,0.6282525673475097,0.0,57556000,166295000,120073000,343924000,625629000,0.0,66192000,198349000,0.2617480396840269,132157000,0.17439884083369184,14378000,146535000,0.1933725352540163,-64709000,101212000,0.13356277365905414,0.07621,0.07621,1328154000,1328154000,https://www.sec.gov/Archives/edgar/data/1011006/000104746905013812/0001047469-05-013812-index.htm,https://www.sec.gov/Archives/edgar/data/1011006/000104746905013812/a2157565z10-q.htm
0,2004-12-31,AABA,2005-03-11 00:00:00,2005-03-11 17:14:59,Q4,100000.0,17000.0,83000.0,0.83,0.0,11000.0,45000.0,18000.0,74000.0,91000.0,0.0,-115719000,-115710000,-1157.1,9000.0,0.09,7000.0,16000.0,0.16,-7000.0,4000.0,0.04,0.0,0.0,1345583000,1345583000,https://www.sec.gov/Archives/edgar/data/1011006/000104746905006235/0001047469-05-006235-index.html,https://www.sec.gov/Archives/edgar/data/1011006/000104746905006235/a2153243z10-k.htm
0,2004-09-30,AABA,2004-10-29 00:00:00,2004-10-29 17:18:08,Q3,906715000,332333000,574382000,0.6334757889744849,0.0,69215000,192950000,140112000,402277000,734610000,0.0,81488000,253593000,0.2796832521795713,172105000,0.18981157254484596,123281000,320422000,0.35338777896031276,67117000,253305000,0.2793656220532361,0.18825,0.18825,1345583000,1345583000,https://www.sec.gov/Archives/edgar/data/1011006/000110465904032701/0001104659-04-032701-index.html,https://www.sec.gov/Archives/edgar/data/1011006/000110465904032701/a04-12263_110q.htm
0,2004-06-30,AABA,2004-08-09 00:00:00,2004-08-09 16:16:22,Q2,832299000,297383000,534916000,0.6426969154114086,0.0,63159000,191875000,130388000,385422000,682805000,0.0,77428000,226922000,0.2726448067341184,149494000,0.17961573905531547,13179000,185029000,0.22231073208065852,72517000,112512000,0.13518218813190933,0.0841,0.0841,1337807000,1337807000,https://www.sec.gov/Archives/edgar/data/1011006/000110465904023381/0001104659-04-023381-index.html,https://www.sec.gov/Archives/edgar/data/1011006/000110465904023381/a04-8972_110q.htm
0,2004-03-31,AABA,2004-05-07 00:00:00,2004-05-07 17:14:40,Q1,757786000,281705000,476081000,0.6282525673475097,0.0,57556000,166295000,120073000,343924000,625629000,0.0,66192000,198349000,0.2617480396840269,132157000,0.17439884083369184,14378000,165921000,0.21895495562071615,64709000,101212000,0.13356277365905414,0.07621,0.07621,1328154000,1328154000,https://www.sec.gov/Archives/edgar/data/1011006/000110465904013270/0001104659-04-013270-index.html,https://www.sec.gov/Archives/edgar/data/1011006/000110465904013270/a04-5547_110q.htm
0,2003-12-31,AABA,2004-02-27 00:00:00,2004-02-27 17:21:29,Q4,717422000,157001000,560421000,0.7811594849335538,0.0,77960000,383854000,256877000,718691000,875692000,0.0,33986000,-124284000,-0.17323695119469434,-158270000,-0.22060934847272595,72782000,-81825000,-0.11405421077134517,10963000,-92788000,-0.12933531450108862,-0.16286,-0.16286,569724000,569724000,https://www.sec.gov/Archives/edgar/data/1011006/000104746904005976/0001047469-04-005976-index.html,https://www.sec.gov/Archives/edgar/data/1011006/000104746904005976/a2129700z10-k.htm
0,2003-09-30,AABA,2003-11-07 00:00:00,2003-11-07 17:02:23,Q3,356821000,47287000,309534000,0.8674769702455853,0.0,39653000,128846000,155417000,323916000,273323000,0.0,33013000,177943000,0.49868981926512174,144930000,0.4061700404404449,23935000,105370000,0.2953021262762001,40041000,65329000,0.18308619728098963,0.1082,0.1082,603786000,603786000,https://www.sec.gov/Archives/edgar/data/1011006/000110465903025155/0001104659-03-025155-index.html,https://www.sec.gov/Archives/edgar/data/1011006/000110465903025155/a03-4904_110q.htm
0,2003-06-30,AABA,2003-08-01 00:00:00,2003-08-01 16:17:50,Q2,321406000,46842000,274564000,0.8542590990834023,0.0,34125000,122218000,0.0,156343000,258634000,0.0,34503000,97275000,0.3026545864109569,62772000,0.1953043813743365,20335000,81981000,0.2550699115760129,31153000,50828000,0.15814266068461696,0.08467,0.08467,600330000,600330000,https://www.sec.gov/Archives/edgar/data/1011006/000110465903016442/0001104659-03-016442-index.html,https://www.sec.gov/Archives/edgar/data/1011006/000110465903016442/a03-1714_110q.htm
0,2003-03-31,AABA,2003-05-15 00:00:00,2003-05-14 18:08:06,Q1,282948000,43132000,239816000,0.847562096215559,0.0,28720000,113688000,0.0,142408000,227971000,0.0,29073000,84050000,0.29705104824914824,54977000,0.1943007195668462,22259000,75328000,0.2662255962226275,28625000,46703000,0.16505859733944045,0.07828,0.07828,596642000,596642000,https://www.sec.gov/Archives/edgar/data/1011006/000110465903009928/0001104659-03-009928-index.html,https://www.sec.gov/Archives/edgar/data/1011006/000110465903009928/j0754_10q.htm
0,2002-12-31,AABA,2003-03-21 00:00:00,2003-03-21 17:07:52,Q4,704244000,121848000,582396000,0.8269804215584371,0.0,79991000,322306000,-84299000,317998000,604500000,0.0,29207000,87918000,0.12484025423006799,58711000,0.08336741243091883,72053000,130129000,0.18477828707095836,52051000,13958000,0.019819835170764678,0.0235,0.0235,593838000,593838000,https://www.sec.gov/Archives/edgar/data/1011006/000104746903009670/0001047469-03-009670-index.html,https://www.sec.gov/Archives/edgar/data/1011006/000104746903009670/a2106077z10-k.htm
0,2002-09-30,AABA,2002-11-01 00:00:00,2002-11-01 16:45:08,Q3,23031000,675000.0,22356000,0.9706916764361079,0.0,524000.0,-929000.0,1477000.0,1072000.0,397000.0,0.0,29751000,51710000,2.245234683687204,21959000,0.953454040206678,-9693000.0,11211000,0.48677868959228865,3748000.0,7463000.0,0.3240415092701142,0.01251,0.01251,596743000,596743000,https://www.sec.gov/Archives/edgar/data/1011006/000091205702040661/0000912057-02-040661-index.html,https://www.sec.gov/Archives/edgar/data/1011006/000091205702040661/a2092349z10-q.htm
0,2002-06-30,AABA,2002-07-30 00:00:00,2002-07-30 17:03:03,Q2,33127000,3887000.0,29240000,0.8826636882301446,0.0,-1233000.0,13869000,8798000.0,21434000,25321000,0.0,27476000,39169000,1.1823889878346967,11693000,0.35297491472213,6559000.0,18179000,0.5487668669061491,7260000.0,75039000,2.2651915356053975,0.12533,0.12533,598740000,598740000,https://www.sec.gov/Archives/edgar/data/1011006/000091205702029168/0000912057-02-029168-index.html,https://www.sec.gov/Archives/edgar/data/1011006/000091205702029168/a2085444z10-q.htm
0,2002-03-31,AABA,2002-05-10 00:00:00,2002-05-10 16:38:45,Q1,192665000,37821000,154844000,0.8036955336983884,0.0,26670000,96146000,74024000,196840000,234661000,0.0,22955000,18780000,0.09747489165131186,-4175000.0,-0.021669737627488125,22669000,18706000,0.09709080528378274,8231000.0,-53645000,-0.2784366646770301,-91.40741,-91.40741,586878.0,586878.0,https://www.sec.gov/Archives/edgar/data/1011006/000091205702019608/0000912057-02-019608-index.html,https://www.sec.gov/Archives/edgar/data/1011006/000091205702019608/a2079455z10-q.htm
0,2001-12-31,AABA,2002-03-15 00:00:00,2002-03-15 00:00:00,Q4,188911000,34175000,154736000,0.8190947059726538,0.0,19882000,90994000,-183230000,-72354000,214217000,0.0,36041000,10735000,0.056825700991472175,-25306000,-0.13395726029717697,21545000,-5226000.0,-0.02766382052924393,3433000.0,-8659000.0,-0.04583639915092292,-0.0152,-0.0152,569724000,569724000,https://www.sec.gov/Archives/edgar/data/1011006/000091205702010181/0000912057-02-010181-index.html,https://www.sec.gov/Archives/edgar/data/1011006/000091205702010181/a2073074z10-k.htm
0,2001-09-30,AABA,2001-11-09 00:00:00,2001-11-09 00:00:00,Q3,166131000,40698000,125433000,0.7550246492226015,0.0,20073000,86731000,44991000,151795000,192493000,0.0,32081000,5719000.0,0.03442464079551679,-26362000,-0.1586820039607298,5827000.0,-20225000,-0.12174127646255063,3894000.0,-24119000,-0.14518061048208944,-0.04239,-0.04239,568989000,568989000,https://www.sec.gov/Archives/edgar/data/1011006/000110465901502667/0001104659-01-502667-index.html,https://www.sec.gov/Archives/edgar/data/1011006/000110465901502667/j2325_10q.htm
0,2001-06-30,AABA,2001-08-10 00:00:00,2001-08-10 00:00:00,Q2,182165000,41492000,140673000,0.7722284741854911,0.0,20202000,101991000,92314000,214507000,255999000,0.0,32242000,-41592000,-0.22832047868690472,-73834000,-0.40531386380479234,26490000,-47111000,-0.2586171877144347,1413000.0,-48524000,-0.2663738918013889,-0.08549,-0.08549,567608000,567608000,https://www.sec.gov/Archives/edgar/data/1011006/000110465901501390/0001104659-01-501390-index.html,https://www.sec.gov/Archives/edgar/data/1011006/000110465901501390/j1310_10q.htm
0,2001-03-31,AABA,2001-05-04 00:00:00,2001-05-04 00:00:00,Q1,180215000,40636000,139579000,0.7745137752129401,0.0,19194000,107228000,45925000,172347000,212983000,0.0,30211000,-2557000.0,-0.014188608051494049,-32768000,-0.18182726188164136,23276000,-9263000.0,-0.051399717004688844,2223000.0,-11486000,-0.06373498321449379,-0.02031,-0.02031,565447000,565447000,https://www.sec.gov/Archives/edgar/data/1011006/000110465901500356/0001104659-01-500356-index.html,https://www.sec.gov/Archives/edgar/data/1011006/000110465901500356/j0475_10q.htm
0,2000-12-31,AABA,2001-03-16 00:00:00,2001-03-16 17:04:00,Q4,814630000,117559000,697071000,0.8556903133938107,0.0,54598000,310554000,101858000,467010000,584569000,0.0,19907000,249968000,0.3068485079115672,230061000,0.28241164700538895,0.0,163491000,0.2006935664043799,140380000,23111000,0.0283699348170335,0.04197,0.04197,550657000,550657000,https://www.sec.gov/Archives/edgar/data/1011006/000091205701007693/0000912057-01-007693-index.html,https://www.sec.gov/Archives/edgar/data/1011006/000091205701007693/a2041586z10-k.htm
0,2000-09-30,AABA,2000-11-09 00:00:00,2000-11-09 17:22:00,Q3,25432000,1531000.0,23901000,0.9398002516514627,0.0,5676000.0,14498000,28859000,49033000,50564000,0.0,19394000,-5738000.0,-0.22562126454860018,-25132000,-0.9882038376848066,0.0,-13768000,-0.5413652091852784,4026000.0,-17794000,-0.6996697074551745,-0.03201,-0.03201,555807000,555807000,https://www.sec.gov/Archives/edgar/data/1011006/000091205700048272/0000912057-00-048272-index.html,https://www.sec.gov/Archives/edgar/data/1011006/000091205700048272/a2028252z10-q.htm
