,date,symbol,fillingDate,acceptedDate,period,revenue,costOfRevenue,grossProfit,grossProfitRatio,researchAndDevelopmentExpenses,generalAndAdministrativeExpenses,sellingAndMarketingExpenses,otherExpenses,operatingExpenses,costAndExpenses,interestExpense,depreciationAndAmortization,ebitda,ebitdaratio,operatingIncome,operatingIncomeRatio,totalOtherIncomeExpensesNet,incomeBeforeTax,incomeBeforeTaxRatio,incomeTaxExpense,netIncome,netIncomeRatio,eps,epsdiluted,weightedAverageShsOut,weightedAverageShsOutDil,link,finalLink
0,2020-09-30,CVCY,2020-11-04,2020-11-04 15:40:00,Q3,16431000,0.0,16431000,1.0,0.0,0.0,0.0,0.0,0.0,0.0,-388000.0,206000.0,5992000.0,0.36467652607875356,5786000.0,0.35213924898058546,262000.0,5786000.0,0.35213924898058546,1442000.0,4344000.0,0.2643783092934088,0.35,0.35,12486680,12486680,https://www.sec.gov/Archives/edgar/data/1127371/000112737120000157/0001127371-20-000157-index.htm,https://www.sec.gov/Archives/edgar/data/1127371/000112737120000157/cvcy-20200930.htm
0,2020-06-30,CVCY,2020-08-05,2020-08-05 14:49:18,Q2,17619000,0.0,17619000,1.0,0.0,14498000,0.0,0.0,14908000,6985000.0,410000.0,1408000.0,4939000.0,0.311930139977,3121000.0,0.200462308976,539000.0,3121000.0,0.200462308976,820000.0,2301000.0,0.14774624374,0.18428,0.18428,12486680,12486680,https://www.sec.gov/Archives/edgar/data/1127371/000112737120000116/0001127371-20-000116-index.htm,https://www.sec.gov/Archives/edgar/data/1127371/000112737120000116/cvcy-20200630.htm
0,2020-03-31,CVCY,2020-05-06 00:00:00,2020-05-06 14:11:31,Q1,22570000,477000.0,22570000,1.0,0.0,13453000,0.0,0.0,13930000,7686000.0,477000.0,1182000.0,10776000,0.663609707405,9117000.0,0.56878158338,0.0,9117000.0,0.56878158338,2494000.0,6623000.0,0.41318859567,0.51827,0.51827,12779100,12779100,https://www.sec.gov/Archives/edgar/data/1127371/000112737120000065/0001127371-20-000065-index.html,https://www.sec.gov/Archives/edgar/data/1127371/000112737120000065/cvcy-2020033110xqq1.htm
0,2019-12-31,CVCY,2020-03-06 00:00:00,2020-03-06 16:41:20,Q4,17796000,549000.0,17796000,1.0,0.0,11628000,0.0,0.0,12177000,6000000.0,549000.0,1340000.0,8057000.0,0.498258060429,6168000.0,0.390701209856,0.0,6168000.0,0.390701209856,1719000.0,4449000.0,0.281814150884,0.33685,0.33685,13207770,13207770,https://www.sec.gov/Archives/edgar/data/1127371/000112737120000045/0001127371-20-000045-index.html,https://www.sec.gov/Archives/edgar/data/1127371/000112737120000045/cvcy10k-q42019.htm
0,2019-09-30,CVCY,2019-11-06 00:00:00,2019-11-06 16:37:54,Q3,19927000,722000.0,19927000,1.0,0.0,11784000,0.0,0.0,12506000,6905000.0,722000.0,1375000.0,10240000,0.609725993582,8143000.0,0.502530239447,0.0,8143000.0,0.502530239447,2452000.0,5691000.0,0.351209577882,0.42312,0.42312,13450190,13450190,https://www.sec.gov/Archives/edgar/data/1127371/000112737119000106/0001127371-19-000106-index.html,https://www.sec.gov/Archives/edgar/data/1127371/000112737119000106/cvcy-201993010xqq3.htm
0,2019-06-30,CVCY,2019-08-07 00:00:00,2019-08-07 13:02:56,Q2,20544000,834000.0,20544000,1.0,0.0,12072000,0.0,0.0,12906000,7085000.0,834000.0,1735000.0,11041000,0.654960491659,8472000.0,0.531293114261,0.0,8472000.0,0.531293114261,2385000.0,6087000.0,0.381725824658,0.4464,0.4464,13635830,13635830,https://www.sec.gov/Archives/edgar/data/1127371/000112737119000094/0001127371-19-000094-index.html,https://www.sec.gov/Archives/edgar/data/1127371/000112737119000094/cvcy-201963010xqq2.htm
0,2019-03-31,CVCY,2019-05-06 00:00:00,2019-05-06 13:47:09,Q1,18811000,454000.0,18811000,1.0,0.0,11642000,0.0,0.0,12096000,6664000.0,454000.0,1856000.0,9479000.0,0.572276602463,7169000.0,0.452731291443,0.0,7169000.0,0.452731291443,1953000.0,5216000.0,0.329396905589,0.37919,0.37919,13755620,13755620,https://www.sec.gov/Archives/edgar/data/1127371/000112737119000038/0001127371-19-000038-index.html,https://www.sec.gov/Archives/edgar/data/1127371/000112737119000038/cvcy-201933110xqq1.htm
0,2018-12-31,CVCY,2019-03-08 00:00:00,2019-03-08 16:03:19,Q4,18377000,401000.0,18377000,1.0,0.0,11410000,0.0,0.0,11811000,6304000.0,401000.0,1700000.0000000002,9068000.0,0.545670819508,6967000.0,0.436173542854,0.0,6967000.0,0.436173542854,1686000.0,5281000.0,0.330620421962,0.38129,0.38129,13850490,13850490,https://www.sec.gov/Archives/edgar/data/1127371/000112737119000028/0001127371-19-000028-index.html,https://www.sec.gov/Archives/edgar/data/1127371/000112737119000028/rfcvcy10kcvcy-q42018.htm
0,2018-09-30,CVCY,2018-11-07 00:00:00,2018-11-07 16:39:07,Q3,18370000,380000.0,18370000,1.0,0.0,10790000,0.0,0.0,11170000,6481000.0,380000.0,1689999.9999999995,9650000.0,0.962469353115,7580000.0,0.476456905765,0.0,7580000.0,0.476456905765,1830000.0,5750000.0,0.361601810524,0.41546,0.41546,13840000,13840000,https://www.sec.gov/Archives/edgar/data/1127371/000112737118000121/0001127371-18-000121-index.html,https://www.sec.gov/Archives/edgar/data/1127371/000112737118000121/cvcy-2018093010xqq3.htm
0,2018-06-30,CVCY,2018-08-07 00:00:00,2018-08-07 14:05:41,Q2,18090000,400000.0,18090000,1.0,0.0,11550000,0.0,0.0,11950000,6926000.0,400000.0,2370000.0,9310000.0,0.20672858349,6530000.0,0.424368383451,0.0,6530000.0,0.424368383451,1570000.0,4970000.0,0.322465415341,0.35962,0.35962,13820000,13820000,https://www.sec.gov/Archives/edgar/data/1127371/000112737118000101/0001127371-18-000101-index.html,https://www.sec.gov/Archives/edgar/data/1127371/000112737118000101/cvcy-2018063010xqq2.htm
0,2018-03-31,CVCY,2018-05-09 00:00:00,2018-05-09 12:28:52,Q1,18200000,300000.0,18200000,1.0,0.0,11370000,0.0,0.0,11670000,6510000.0,300000.0,2400000.0,9530000.0,0.617464021781,6830000.0,0.442694152729,0.0,6830000.0,0.442694152729,1540000.0,5290000.0,0.342992350577,0.38333,0.38333,13800000,13800000,https://www.sec.gov/Archives/edgar/data/1127371/000112737118000055/0001127371-18-000055-index.html,https://www.sec.gov/Archives/edgar/data/1127371/000112737118000055/cvcy-2018033110xqq1.htm
0,2017-12-31,CVCY,2018-03-14 00:00:00,2018-03-14 11:20:47,Q4,17510000,330000.0,17510000,1.0,0.0,13110000,0.0,0.0,13440000,6732000.0,330000.0,2460000.0,3660000.0,0.477098991456,4400000.0,0.282520716901,0.0,4400000.0,0.282520716901,530000.0,340000.0,0.0215198818012,0.02439,0.02439,13940000,13940000,https://www.sec.gov/Archives/edgar/data/1127371/000112737118000035/0001127371-18-000035-index.html,https://www.sec.gov/Archives/edgar/data/1127371/000112737118000035/cvcy10kcvcy-q42017.htm
0,2017-09-30,CVCY,2017-11-06 00:00:00,2017-11-06 14:07:26,Q3,16130000,250000.0,16130000,1.0,0.0,9490000.0,0.0,0.0,9740000.0,6036000.0,250000.0,2299999.9999999995,9180000.0,0.666593018118,6640000.0,0.488805420533,0.0,6640000.0,0.488805420533,2140000.0,4490000.0,0.330902931212,0.36415,0.36415,12330000,12330000,https://www.sec.gov/Archives/edgar/data/1127371/000112737117000130/0001127371-17-000130-index.html,https://www.sec.gov/Archives/edgar/data/1127371/000112737117000130/cvcy-20179302017q310q.htm
0,2017-06-30,CVCY,2017-08-04 00:00:00,2017-08-04 13:17:42,Q2,17890000,280000.0,17890000,1.0,0.0,10640000,0.0,0.0,10920000,6068000.0,280000.0,2660000.0,10190000,0.734223124909,7240000.0,0.525388074859,0.0,7240000.0,0.525388074859,2300000.0,4950000.0,0.358914841143,0.40113,0.40113,12340000,12340000,https://www.sec.gov/Archives/edgar/data/1127371/000112737117000102/0001127371-17-000102-index.html,https://www.sec.gov/Archives/edgar/data/1127371/000112737117000102/cvcy-20176302017q210q.htm
0,2017-03-31,CVCY,2017-05-08 00:00:00,2017-05-08 12:07:41,Q1,15560000,280000.0,15560000,1.0,0.0,10010000,0.0,0.0,10290000,5902000.0,280000.0,2530000.0,8350000.0,0.603020739405,5540000.0,0.416366095582,0.0,5540000.0,0.416366095582,1290000.0,4250000.0,0.319356777878,0.34497,0.34497,12320000,12320000,https://www.sec.gov/Archives/edgar/data/1127371/000112737117000070/0001127371-17-000070-index.html,https://www.sec.gov/Archives/edgar/data/1127371/000112737117000070/cvcy-20173312017q110q.htm
0,2016-12-31,CVCY,2017-03-29 00:00:00,2017-03-29 16:31:38,Q4,15010000,320000.0,15010000,1.0,0.0,10910000,0.0,0.0,11230000,5475000.0,320000.0,2470000.0000000005,6890000.000000001,0.557303898544,4100000.0,0.320807891029,0.0,4100000.0,0.320807891029,1490000.0,2610000.0,0.204086425552,0.20813,0.20813,12540000,12540000,https://www.sec.gov/Archives/edgar/data/1127371/000112737117000051/0001127371-17-000051-index.html,https://www.sec.gov/Archives/edgar/data/1127371/000112737117000051/a10kcvcy-q42016.htm
0,2016-09-30,CVCY,2016-11-09 00:00:00,2016-11-08 19:18:47,Q3,13140000,270000.0,13140000,1.0,0.0,8660000.0,0.0,0.0,8930000.0,5642000.0,270000.0,2229999.9999999995,6969999.999999999,0.63974533879,4480000.0,0.407003183265,0.0,4480000.0,0.407003183265,1360000.0,3110000.0,0.283219645293,0.28043,0.28043,11090000,11090000,https://www.sec.gov/Archives/edgar/data/1127371/000112737116000245/0001127371-16-000245-index.html,https://www.sec.gov/Archives/edgar/data/1127371/000112737116000245/cvcy-20169302016q310q.htm
0,2016-06-30,CVCY,2016-08-08,2016-08-08 16:05:41,Q2,13720000,260000.0,13720000,1.0,0.0,4780000.0,0.0,0.0,5040000.0,5476000.0,260000.0,2179999.9999999995,11390000,1.03961456103,8950000.0,0.798090649536,0.0,8950000.0,0.798090649536,2890000.0,6060000.0,0.540506780871,0.55242,0.55242,10970000,10970000,https://www.sec.gov/Archives/edgar/data/1127371/000112737116000226/cvcy-20166302016q210q.htm,https://www.sec.gov/Archives/edgar/data/1127371/000112737116000226/cvcy-20166302016q210q.htm
0,2016-03-31,CVCY,2016-05-06 00:00:00,2016-05-06 16:07:57,Q1,13300000,250000.0,13300000,1.0,0.0,8730000.0,0.0,0.0,8980000.0,5288000.0,250000.0,2350000.0,7180000.0,0.709138922946,4580000.0,0.432047533717,0.0,4580000.0,0.432047533717,1180000.0,3400000.0,0.32094690182,0.30797,0.30797,11040000,11040000,https://www.sec.gov/Archives/edgar/data/1127371/000112737116000165/0001127371-16-000165-index.html,https://www.sec.gov/Archives/edgar/data/1127371/000112737116000165/cvcy-20163312016q110q.htm
0,2015-12-31,CVCY,2016-03-15 00:00:00,2016-03-15 15:39:22,Q4,12520000,260000.0,12520000,1.0,0.0,9000000.0,0.0,0.0,9260000.0,5111000.0,260000.0,2369999.999999999,6139999.999999999,0.598420755781,3510000.0,0.330325249107,0.0,3510000.0,0.330325249107,610000.0,2900000.0,0.27288964091,0.26292,0.26292,11030000,11030000,https://www.sec.gov/Archives/edgar/data/1127371/000112737116000146/0001127371-16-000146-index.html,https://www.sec.gov/Archives/edgar/data/1127371/000112737116000146/cvcy-2015123110kupdated.htm
0,2015-09-30,CVCY,2015-11-04 00:00:00,2015-11-04 16:58:07,Q3,12070000,270000.0,12070000,1.0,0.0,9130000.0,0.0,0.0,9400000.0,5339000.0,270000.0,2340000.0000000005,5560000.0,0.547720247295,2950000.0,0.284582689335,0.0,2950000.0,0.284582689335,430000.0,2520000.0,0.243141421947,0.22868,0.22868,11020000,11020000,https://www.sec.gov/Archives/edgar/data/1127371/000112737115000118/0001127371-15-000118-index.html,https://www.sec.gov/Archives/edgar/data/1127371/000112737115000118/cvcy-201593015q310q.htm
0,2015-06-30,CVCY,2015-08-05 00:00:00,2015-08-05 13:56:29,Q2,13170000,260000.0,13170000,1.0,0.0,9200000.0,0.0,0.0,9460000.0,5139000.0,260000.0,2310000.0,6540000.0,0.646895181321,3960000.0,0.393740685544,0.0,3960000.0,0.393740685544,890000.0,3080000.0,0.305812220566,0.27975,0.27975,11010000,11010000,https://www.sec.gov/Archives/edgar/data/1127371/000112737115000102/0001127371-15-000102-index.html,https://www.sec.gov/Archives/edgar/data/1127371/000112737115000102/cvcy-201563015q210q.htm
0,2015-03-31,CVCY,2015-05-11 00:00:00,2015-05-08 17:53:12,Q1,12410000,260000.0,12410000,1.0,0.0,9290000.0,0.0,0.0,9550000.0,5247000.0,260000.0,2389999.9999999995,5780000.0,0.605041152263,3120000.0,0.321296296296,0.0,3120000.0,0.321296296296,660000.0,2470000.0,0.253703703704,0.22455,0.22455,11000000,11000000,https://www.sec.gov/Archives/edgar/data/1127371/000112737115000046/0001127371-15-000046-index.html,https://www.sec.gov/Archives/edgar/data/1127371/000112737115000046/cvcy-201533115q110q.htm
0,2014-12-31,CVCY,2015-03-16,2015-03-16 16:34:43,Q4,12080000,270000.0,12080000,1.0,0.0,17210000,0.0,0.0,17480000,4636000.0,270000.0,2450000.0,-2400000.0,-0.241703318673,-5120000.0,-0.511395441823,0.0,-5120000.0,-0.511395441823,-2750000.0,-2370000.0,-0.236505397841,-0.21703,-0.21703,10920000,10920000,https://www.sec.gov/Archives/edgar/data/1127371/000112737115000019/cvcy-2014123110k.htm,https://www.sec.gov/Archives/edgar/data/1127371/000112737115000019/cvcy-2014123110k.htm
0,2014-09-30,CVCY,2014-11-06 00:00:00,2014-11-06 17:19:13,Q3,11940000,270000.0,11940000,1.0,0.0,9050000.0,0.0,0.0,9320000.0,5161000.0,270000.0,2369999.9999999995,5530000.0,0.580455696203,2890000.0,0.292151898734,0.0,2890000.0,0.292151898734,540000.0,2350000.0,0.238075949367,0.21344,0.21344,11010000,11010000,https://www.sec.gov/Archives/edgar/data/1127371/000112737114000101/0001127371-14-000101-index.html,https://www.sec.gov/Archives/edgar/data/1127371/000112737114000101/cvcy-20140930q210q.htm
0,2014-06-30,CVCY,2014-08-07 00:00:00,2014-08-07 14:51:25,Q2,11950000,290000.0,11950000,1.0,0.0,8330000.0,0.0,0.0,8620000.0,4929000.0,290000.0,2300000.0,6200000.0,0.633417465926,3620000.0,0.364967188289,0.0,3620000.0,0.364967188289,920000.0,2690000.0,0.271882887431,0.24455,0.24455,11000000,11000000,https://www.sec.gov/Archives/edgar/data/1127371/000112737114000087/0001127371-14-000087-index.html,https://www.sec.gov/Archives/edgar/data/1127371/000112737114000087/cvcy-20140630q210q.htm
0,2014-03-31,CVCY,2014-05-13 00:00:00,2014-05-12 20:26:42,Q1,12080000,320000.0,12080000,1.0,0.0,8740000.0,0.0,0.0,9060000.0,4995000.0,320000.0,2190000.0,5850000.0,0.570353500347,3340000.0,0.330725814437,0.0,3340000.0,0.330725814437,720000.0,2620000.0,0.259035548074,0.23818,0.23818,11000000,11000000,https://www.sec.gov/Archives/edgar/data/1127371/000112737114000026/0001127371-14-000026-index.html,https://www.sec.gov/Archives/edgar/data/1127371/000112737114000026/cvcy-20140331q110q.htm
0,2013-12-31,CVCY,2014-03-21,2014-03-21 15:38:51,Q4,11160000,350000.0,11160000,1.0,0.0,8540000.0,0.0,0.0,8890000.0,4327000.0,350000.0,2479999.9999999995,5449999.999999999,0.588990426458,2620000.0,0.284921671018,0.0,2620000.0,0.284921671018,410000.0,2210000.0,0.240535248042,0.20109,0.20109,10990000,10990000,https://www.sec.gov/Archives/edgar/data/1127371/000112737114000018/cvcy-20131231x10k.htm,https://www.sec.gov/Archives/edgar/data/1127371/000112737114000018/cvcy-20131231x10k.htm
0,2013-09-30,CVCY,2013-11-12 00:00:00,2013-11-12 13:36:44,Q3,12350000,370000.0,12350000,1.0,0.0,8990000.0,0.0,-2390000.0,9360000.0,5132000.0,370000.0,2650000.0000000005,6380000.0,0.597760060744,3360000.0,0.318716780562,0.0,3360000.0,0.318716780562,390000.0,2970000.0,0.281795747912,0.27099,0.27099,10960000,10960000,https://www.sec.gov/Archives/edgar/data/1127371/000112737113000045/0001127371-13-000045-index.html,https://www.sec.gov/Archives/edgar/data/1127371/000112737113000045/cvcy-20130930q310q.htm
0,2013-06-30,CVCY,2013-08-09 00:00:00,2013-08-09 16:17:10,Q2,8710000.0,340000.0,8710000.0,1.0,0.0,7220000.0,0.0,1181000.0,7560000.0,3899000.0,340000.0,2559999.9999999995,4390000.0,0.619656876999,1480000.0,0.21546961326,0.0,1480000.0,0.21546961326,200000.0,1290000.0,0.187118348357,0.13382,0.13382,9640000.0,9640000.0,https://www.sec.gov/Archives/edgar/data/1127371/000112737113000036/0001127371-13-000036-index.html,https://www.sec.gov/Archives/edgar/data/1127371/000112737113000036/cvcy-2013q210q.htm
0,2013-03-31,CVCY,2013-05-15 00:00:00,2013-05-15 11:31:24,Q1,9080000.0,340000.0,9080000.0,1.0,0.0,6930000.0,0.0,1209000.0,7270000.0,4069000.0,340000.0,2620000.0,5100000.0,0.742293644996,2140000.0,0.31234477721,0.0,2140000.0,0.31234477721,360000.0,1780000.0,0.260482103725,0.18542,0.18542,9600000.0,9600000.0,https://www.sec.gov/Archives/edgar/data/1127371/000112737113000018/0001127371-13-000018-index.html,https://www.sec.gov/Archives/edgar/data/1127371/000112737113000018/cvcy-2013q110q.htm
0,2012-12-31,CVCY,2013-03-20 00:00:00,2013-03-20 14:40:54,Q4,9020000.0,390000.0,9020000.0,1.0,0.0,7180000.0,0.0,-3285000.0,7570000.0,3588000.0,390000.0,2559999.9999999995,4780000.0,0.655863124218,1840000.0,0.255251078036,0.0,1840000.0,0.255251078036,190000.0,1640000.0,0.228404506886,0.1703,0.1703,9630000.0,9630000.0,https://www.sec.gov/Archives/edgar/data/1127371/000112737113000008/0001127371-13-000008-index.html,https://www.sec.gov/Archives/edgar/data/1127371/000112737113000008/cvcy-20121231x10k.htm
0,2012-09-30,CVCY,2012-11-09 00:00:00,2012-11-09 12:22:53,Q3,9850000.0,430000.0,9850000.0,1.0,0.0,6660000.0,0.0,1182000.0,7090000.0,3823000.0,430000.0,2090000.0000000002,5730000.0,0.769677760169,3200000.0,0.422741679873,0.0,3200000.0,0.422741679873,750000.0,2460000.0,0.324352879028,0.25519,0.25519,9640000.0,9640000.0,https://www.sec.gov/Archives/edgar/data/1127371/000112737112000049/0001127371-12-000049-index.html,https://www.sec.gov/Archives/edgar/data/1127371/000112737112000049/cvcy-2012q310q.htm
0,2012-06-30,CVCY,2012-08-10 00:00:00,2012-08-10 11:09:00,Q2,8980000.0,520000.0,8980000.0,1.0,0.0,6820000.0,0.0,1054000.0,7340000.0,4007000.0,520000.0,1970000.0,4650000.0,0.555925432756,2160000.0,0.288015978695,0.0,2160000.0,0.288015978695,450000.0,1710000.0,0.227563249001,0.17775,0.17775,9620000.0,9620000.0,https://www.sec.gov/Archives/edgar/data/1127371/000112737112000035/0001127371-12-000035-index.html,https://www.sec.gov/Archives/edgar/data/1127371/000112737112000035/cvcy-2012q210q.htm
0,2012-03-31,CVCY,2012-05-11,2012-05-11 15:06:25,Q1,9330000.0,550000.0,9330000.0,1.0,0.0,7320000.0,0.0,1049000.0,7870000.0,4179000.0,550000.0,1900000.0,4450000.0,0.525958779024,2010000.0,0.261674928255,0.0,2010000.0,0.261674928255,290000.0,1710000.0,0.22345421341,0.1785,0.1785,9580000.0,9580000.0,https://www.sec.gov/Archives/edgar/data/1127371/000112737112000013/cvcy-20111231x10k.htm,https://www.sec.gov/Archives/edgar/data/1127371/000112737112000013/cvcy-20111231x10k.htm
0,2011-12-31,CVCY,2012-03-21 00:00:00,2012-03-21 17:28:42,Q4,9350000.0,650000.0,9350000.0,1.0,0.0,7100000.0,0.0,-3466000.0,7750000.0,3731000.0,650000.0,1540000.0,4440000.0,0.480289421158,2250000.0,0.280563872255,0.0,2250000.0,0.280563872255,540000.0,1710000.0,0.213073852295,0.17906,0.17906,9550000.0,9550000.0,https://www.sec.gov/Archives/edgar/data/1127371/000112737112000013/0001127371-12-000013-index.html,https://www.sec.gov/Archives/edgar/data/1127371/000112737112000013/cvcy-20111231x10k.htm
0,2011-09-30,CVCY,2011-11-14 00:00:00,2011-11-14 14:26:43,Q3,9550000.0,710000.0,9550000.0,1.0,0.0,7620000.0,0.0,1213000.0,8330000.0,4162000.0,710000.0,1210000.0,3840000.0,0.417914203044,1920000.0,0.241791420304,0.0,1920000.0,0.241791420304,510000.0,1410000.0,0.2020379922,0.14749,0.14749,9560000.0,9560000.0,https://www.sec.gov/Archives/edgar/data/1127371/000110465911063806/0001104659-11-063806-index.html,https://www.sec.gov/Archives/edgar/data/1127371/000110465911063806/a11-25020_110q.htm
0,2011-06-30,CVCY,2011-08-12 00:00:00,2011-08-12 11:29:50,Q2,9390000.0,770000.0,9390000.0,1.0,0.0,7320000.0,0.0,1179000.0,8090000.0,8283000.0,770000.0,1030000.0,3870000.0,0.416904885655,2070000.0,0.270725051975,0.0,2070000.0,0.270725051975,300000.0,1770000.0,0.205496361746,0.18553,0.18553,9540000.0,9540000.0,https://www.sec.gov/Archives/edgar/data/1127371/000110465911046420/0001104659-11-046420-index.html,https://www.sec.gov/Archives/edgar/data/1127371/000110465911046420/a11-13871_110q.htm
0,2011-03-31,CVCY,2011-05-16 00:00:00,2011-05-16 15:43:50,Q1,9350000.0,810000.0,9350000.0,1.0,0.0,7250000.0,0.0,1074000.0,8060000.0,0.0,810000.0,1020000.0,3930000.0,0.28561236623067776,2090000.0,0.24887039239001188,0.0,2090000.0,0.24887039239001188,510000.0,1590000.0,0.18882282996432817,0.16737,0.16737,9500000.0,9500000.0,https://www.sec.gov/Archives/edgar/data/1127371/000110465911029298/0001104659-11-029298-index.html,https://www.sec.gov/Archives/edgar/data/1127371/000110465911029298/a11-9126_110q.htm
0,2010-12-31,CVCY,2011-03-17,2011-03-17 17:19:16,Q4,7990000.0,930000.0,7990000.0,1.0,0.0,7890000.0,0.0,4460000.0,8820000.0,0.0,930000.0,879999.9999999999,1910000.0,0.048279883381924196,100000.0,0.011778425655976676,0.0,100000.0,0.011778425655976676,-520000.0,620000.0,0.0721865889212828,0.06575,0.06575,9430000.0,9430000.0,https://www.sec.gov/Archives/edgar/data/1127371/000110465911015133/a11-1001_110k.htm,https://www.sec.gov/Archives/edgar/data/1127371/000110465911015133/a11-1001_110k.htm
0,2010-09-30,CVCY,2010-11-12 00:00:00,2010-11-12 13:42:16,Q3,9460000.0,1030000.0,9460000.0,1.0,0.0,8710000.0,0.0,1076000.0,9740000.0,0.0,1030000.0,799999.9999999999,2580000.0,76.35714285714286,760000.0,54.142857142857146,0.0,760000.0,54.142857142857146,-110000.0,860000.0,61.714285714285715,0.0912,0.0912,9430000.0,9430000.0,https://www.sec.gov/Archives/edgar/data/1127371/000110465910058026/0001104659-10-058026-index.html,https://www.sec.gov/Archives/edgar/data/1127371/000110465910058026/a10-17479_110q.htm
0,2010-06-30,CVCY,2010-08-16 00:00:00,2010-08-16 15:57:39,Q2,8680000.0,1120000.0,8680000.0,1.0,0.0,8140000.0,0.0,2134000.0,9260000.0,0.0,1120000.0,800000.0,2450000.0,131.44444444444446,540000.0,113.94444444444444,0.0,540000.0,113.94444444444444,30000.0,500000.0,99.77777777777777,0.05476,0.05476,9130000.0,9130000.0,https://www.sec.gov/Archives/edgar/data/1127371/000110465910044612/0001104659-10-044612-index.html,https://www.sec.gov/Archives/edgar/data/1127371/000110465910044612/a10-12835_110q.htm
0,2010-03-31,CVCY,2010-05-13 00:00:00,2010-05-13 15:30:55,Q1,9320000.0,1200000.0,9320000.0,1.0,0.0,7800000.0,0.0,1203000.0,9000000.0,0.0,1200000.0,790000.0,3500000.0,87.57142857142857,1520000.0,72.19047619047619,0.0,1520000.0,72.19047619047619,220000.0,1290000.0,61.523809523809526,0.14191,0.14191,9090000.0,9090000.0,https://www.sec.gov/Archives/edgar/data/1127371/000110465910028218/0001104659-10-028218-index.html,https://www.sec.gov/Archives/edgar/data/1127371/000110465910028218/a10-6010_110q.htm
0,2009-12-31,CVCY,2010-03-31 00:00:00,2010-03-31 17:20:48,Q4,9320000.0,1390000.0,9320000.0,1.0,0.0,9480000.0,0.0,-7201000.0,10870000,0.0,1390000.0,2580000.0,3820000.0,0.014254500052023724,-160000.0,-0.016335448964727915,0.0,-160000.0,-0.016335448964727915,-640000.0,490000.0,0.050567058578711896,0.06203,0.06203,7900000.0,7900000.0,https://www.sec.gov/Archives/edgar/data/1127371/000110465910017808/0001104659-10-017808-index.html,https://www.sec.gov/Archives/edgar/data/1127371/000110465910017808/a10-1421_110k.htm
0,2009-09-30,CVCY,2009-11-13 00:00:00,2009-11-13 17:21:02,Q3,10260000,1550000.0,10260000,1.0,0.0,10180000,0.0,2451000.0,11730000,0.0,1550000.0,-980000.0,650000.0,0.42616033755274263,80000.0,0.350210970464135,0.0,80000.0,0.350210970464135,-300000.0,380000.0,1.59915611814346,0.04884,0.04884,7780000.0,7780000.0,https://www.sec.gov/Archives/edgar/data/1127371/000110465909064981/0001104659-09-064981-index.html,https://www.sec.gov/Archives/edgar/data/1127371/000110465909064981/a09-31071_110q.htm
0,2009-06-30,CVCY,2009-07-31 00:00:00,2009-07-31 16:52:03,Q2,10150000,1700000.0,10150000,1.0,0.0,9630000.0,0.0,2543000.0,11330000,0.0,1700000.0,-1239999.9999999998,980000.0000000002,4.838709677419355,520000.0,8.387096774193548,0.0,520000.0,8.387096774193548,60000.0,460000.0,7.483870967741935,0.05928,0.05928,7760000.0,7760000.0,https://www.sec.gov/Archives/edgar/data/1127371/000110465909046353/0001104659-09-046353-index.html,https://www.sec.gov/Archives/edgar/data/1127371/000110465909046353/a09-18732_110q.htm
0,2009-03-31,CVCY,2009-05-13 00:00:00,2009-05-13 16:18:00,Q1,10230000,1980000.0,10230000,1.0,0.0,8760000.0,0.0,2207000.0,10740000,0.0,1980000.0,530000.0,3980000.0,3.060133630289532,1470000.0,3.2650334075723833,0.0,1470000.0,3.2650334075723833,210000.0,1260000.0,2.8040089086859687,0.16216,0.16216,7770000.0,7770000.0,https://www.sec.gov/Archives/edgar/data/1127371/000110465909032157/0001104659-09-032157-index.html,https://www.sec.gov/Archives/edgar/data/1127371/000110465909032157/a09-11378_110q.htm
0,2008-12-31,CVCY,2009-03-19 00:00:00,2009-03-19 16:33:32,Q4,8270000.0,2010000.0,8270000.0,1.0,0.0,6440000.0,0.0,-4408000.0,8450000.0,0.0,2010000.0,850000.0000000001,4690000.0,0.1243736777641688,1830000.0,0.20331811602271463,0.0,1830000.0,0.20331811602271463,520000.0,1310000.0,0.1453067587128382,0.18582,0.18582,7050000.0,7050000.0,https://www.sec.gov/Archives/edgar/data/1127371/000110465909018802/0001104659-09-018802-index.html,https://www.sec.gov/Archives/edgar/data/1127371/000110465909018802/a09-1395_110k.htm
0,2008-09-30,CVCY,2008-11-13 00:00:00,2008-11-13 13:58:37,Q3,7400000.0,1650000.0,7400000.0,1.0,0.0,5620000.0,0.0,1496000.0,7270000.0,0.0,1650000.0,179999.99999999994,3610000.0,12.576923076923077,1790000.0,11.448717948717949,0.0,1790000.0,11.448717948717949,570000.0,1210000.0,7.782051282051282,0.19329,0.19329,6260000.0,6260000.0,https://www.sec.gov/Archives/edgar/data/1127371/000110465908070479/0001104659-08-070479-index.html,https://www.sec.gov/Archives/edgar/data/1127371/000110465908070479/a08-25716_110q.htm
0,2008-06-30,CVCY,2008-08-14 00:00:00,2008-08-14 09:10:52,Q2,7000000.0,1770000.0,7000000.0,1.0,0.0,5110000.0,0.0,2912000.0,6880000.0,0.0,1770000.0,260000.0,3930000.0,0.2877717028937192,1900000.0,0.2532337645019336,0.0,1900000.0,0.2532337645019336,580000.0,1320000.0,0.1753567142285638,0.21019,0.21019,6280000.0,6280000.0,https://www.sec.gov/Archives/edgar/data/1127371/000110465908052808/0001104659-08-052808-index.html,https://www.sec.gov/Archives/edgar/data/1127371/000110465908052808/a08-19050_110q.htm
0,2008-03-31,CVCY,2008-05-08 00:00:00,2008-05-08 17:16:04,Q1,7090000.0,1840000.0,7090000.0,1.0,0.0,5110000.0,0.0,1468000.0,6950000.0,0.0,1840000.0,270000.0,4100000.0,0.29314605280270517,1980000.0,0.2575107296137339,0.0,1980000.0,0.2575107296137339,680000.0,1310000.0,0.16972298088177917,0.2086,0.2086,6280000.0,6280000.0,https://www.sec.gov/Archives/edgar/data/1127371/000110465908031375/0001104659-08-031375-index.html,https://www.sec.gov/Archives/edgar/data/1127371/000110465908031375/a08-11736_110q.htm
0,2007-12-31,CVCY,2008-03-05,2008-03-05 13:53:02,Q4,7390000.0,1960000.0,7390000.0,1.0,0.0,4890000.0,0.0,-4240000.0,6850000.0,0.0,1960000.0,690000.0,5150000.0,0.2060332193453835,2500000.0,0.30508060576453344,0.0,2500000.0,0.30508060576453344,870000.0,1630000.0,0.199438202247191,0.2571,0.2571,6340000.0,6340000.0,https://www.sec.gov/Archives/edgar/data/1127371/000110465908015402/a08-2605_110k.htm,https://www.sec.gov/Archives/edgar/data/1127371/000110465908015402/a08-2605_110k.htm
0,2007-09-30,CVCY,2007-11-09 00:00:00,2007-11-09 17:27:34,Q3,7270000.0,2100000.0,7270000.0,1.0,0.0,4980000.0,0.0,4240000.0,7080000.0,0.0,2100000.0,260000.0,4640000.0,163.8409090909091,2280000.0,157.9318181818182,0.0,2280000.0,157.9318181818182,700000.0,1580000.0,105.61363636363636,0.25,0.25,6320000.0,6320000.0,https://www.sec.gov/Archives/edgar/data/1127371/000110465907081861/0001104659-07-081861-index.html,https://www.sec.gov/Archives/edgar/data/1127371/000110465907081861/a07-28092_110q.htm
0,2007-06-30,CVCY,2007-08-09 00:00:00,2007-08-09 12:23:34,Q2,7250000.0,2110000.0,7250000.0,1.0,0.0,4880000.0,0.0,2782000.0,6990000.0,0.0,2110000.0,260000.00000000006,4740000.0,112.20454545454545,2370000.0,106.18181818181819,0.0,2370000.0,106.18181818181819,750000.0,1620000.0,69.79545454545455,0.25352,0.25352,6390000.0,6390000.0,https://www.sec.gov/Archives/edgar/data/1127371/000114036107015788/0001140361-07-015788-index.html,https://www.sec.gov/Archives/edgar/data/1127371/000114036107015788/form10q.htm
0,2007-03-31,CVCY,2007-05-11 00:00:00,2007-05-11 12:42:37,Q1,7130000.0,1890000.0,7130000.0,1.0,0.0,4820000.0,0.0,1347000.0,6710000.0,0.0,1890000.0,290000.0,4480000.0,58.81818181818182,2300000.0,52.31818181818182,0.0,2300000.0,52.31818181818182,850000.0,1450000.0,33.0,0.22586,0.22586,6420000.0,6420000.0,https://www.sec.gov/Archives/edgar/data/1127371/000110465907038787/0001104659-07-038787-index.html,https://www.sec.gov/Archives/edgar/data/1127371/000110465907038787/a07-10723_110q.htm
0,2006-12-31,CVCY,2007-03-29,2007-03-28 20:10:11,Q4,7940000.0,1910000.0,7940000.0,1.0,0.0,5270000.0,0.0,-3838000.0,7180000.0,0.0,1910000.0,310000.00000000006,4890000.0,0.16668707899571342,2670000.0,0.3271279853031231,0.0,2670000.0,0.3271279853031231,530000.0,2140000.0,0.26246172688303737,0.32974,0.32974,6490000.0,6490000.0,https://www.sec.gov/Archives/edgar/data/1127371/000110465907023238/a07-5595_110k.htm,https://www.sec.gov/Archives/edgar/data/1127371/000110465907023238/a07-5595_110k.htm
0,2006-09-30,CVCY,2006-11-09,2006-11-09 16:03:15,Q3,7210000.0,1790000.0,7210000.0,1.0,0.0,4540000.0,0.0,1409000.0,6330000.0,0.0,1790000.0,380000.0,4840000.0,38.607594936708864,2670000.0,33.77215189873418,0.0,2670000.0,33.77215189873418,1000000.0,1670000.0,21.126582278481013,0.25692,0.25692,6500000.0,6500000.0,https://www.sec.gov/Archives/edgar/data/1127371/000110465906073600/a06-21573_110q.htm,https://www.sec.gov/Archives/edgar/data/1127371/000110465906073600/a06-21573_110q.htm
0,2006-06-30,CVCY,2006-08-11,2006-08-11 11:08:19,Q2,7200000.0,1540000.0,7200000.0,1.0,0.0,4550000.0,0.0,2429000.0,6090000.0,0.0,1540000.0,440000.00000000006,4630000.0,48.6605504587156,2650000.0,44.678899082568805,0.0,2650000.0,44.678899082568805,980000.0,1670000.0,28.431192660550458,0.25811,0.25811,6470000.0,6470000.0,https://www.sec.gov/Archives/edgar/data/1127371/000110465906053904/a06-15222_110q.htm,https://www.sec.gov/Archives/edgar/data/1127371/000110465906053904/a06-15222_110q.htm
0,2006-03-31,CVCY,2006-05-12,2006-05-12 12:09:21,Q1,7030000.0,1330000.0,7030000.0,1.0,0.0,4800000.0,0.0,1257000.0,6130000.0,0.0,1330000.0,490000.0,4050000.0,21.752,2230000.0,17.8,0.0,2230000.0,17.8,800000.0,1430000.0,11.44,0.22205,0.22205,6440000.0,6440000.0,https://www.sec.gov/Archives/edgar/data/1127371/000110465906019021/a06-2076_110k.htm,https://www.sec.gov/Archives/edgar/data/1127371/000110465906019021/a06-2076_110k.htm
0,2005-12-31,CVCY,2006-03-24,2006-03-24 10:32:28,Q4,6950000.0,1250000.0,6950000.0,1.0,0.0,4380000.0,0.0,-3291000.0,5630000.0,0.0,1250000.0,560000.0,4380000.0,0.10546060858691121,2570000.0,0.3566763929415034,0.0,2570000.0,0.3566763929415034,900000.0,1670000.0,0.23176323468111712,0.25891,0.25891,6450000.0,6450000.0,https://www.sec.gov/Archives/edgar/data/1127371/000110465906019021/a06-2076_110k.htm,https://www.sec.gov/Archives/edgar/data/1127371/000110465906019021/a06-2076_110k.htm
0,2005-09-30,CVCY,2005-11-14,2005-11-14 09:40:31,Q3,6620000.0,1110000.0,6620000.0,1.0,0.0,4030000.0,0.0,1066000.0,5140000.0,0.0,1110000.0,560000.0,4260000.0,315.2,2590000.0,258.9,0.0,2590000.0,258.9,940000.0,1650000.0,164.9,0.25661,0.25661,6430000.0,6430000.0,https://www.sec.gov/Archives/edgar/data/1127371/000110465905055095/a05-17990_110q.htm,https://www.sec.gov/Archives/edgar/data/1127371/000110465905055095/a05-17990_110q.htm
0,2005-06-30,CVCY,2005-08-15,2005-08-15 13:05:59,Q2,6480000.0,950000.0,6480000.0,1.0,0.0,4090000.0,0.0,1074000.0,5040000.0,0.0,950000.0,690000.0,4030000.0,42.708333333333336,2390000.0,33.208333333333336,0.0,2390000.0,33.208333333333336,860000.0,1530000.0,21.291666666666668,0.23795,0.23795,6430000.0,6430000.0,https://www.sec.gov/Archives/edgar/data/1127371/000110465905039467/a05-12616_110q.htm,https://www.sec.gov/Archives/edgar/data/1127371/000110465905039467/a05-12616_110q.htm
0,2005-03-31,CVCY,2005-05-12,2005-05-12 13:24:15,Q1,5900000.0,820000.0,5900000.0,1.0,0.0,4050000.0,0.0,1151000.0,4870000.0,0.0,820000.0,560000.0,3220000.0,0.4100375554796859,1840000.0,0.3142710822806419,0.0,1840000.0,0.3142710822806419,650000.0,1190000.0,0.20382383065892795,0.18652,0.18652,6380000.0,6380000.0,https://www.sec.gov/Archives/edgar/data/1127371/000110465905012644/a05-2039_110ksb.htm,https://www.sec.gov/Archives/edgar/data/1127371/000110465905012644/a05-2039_110ksb.htm
0,2004-12-31,CVCY,2005-03-24,2005-03-24 10:34:17,Q4,5020000.0,540000.0,5020000.0,1.0,0.0,3500000.0,0.0,3921000.0,4040000.0,0.0,540000.0,470000.0,2540000.0,0.0,1530000.0,0.0,0.0,1530000.0,0.0,490000.0,1040000.0,0.0,0.17808,0.17808,5840000.0,5840000.0,https://www.sec.gov/Archives/edgar/data/1127371/000110465905012644/a05-2039_110ksb.htm,https://www.sec.gov/Archives/edgar/data/1127371/000110465905012644/a05-2039_110ksb.htm
0,2004-09-30,CVCY,2004-11-04,2004-11-04 11:19:37,Q3,4660000.0,480000.0,4660000.0,1.0,0.0,3150000.0,0.0,2622000.0,3630000.0,0.0,480000.0,449999.99999999994,2440000.0,9.679089026915113,1510000.0,8.755693581780537,0.0,1510000.0,8.755693581780537,540000.0,970000.0,5.494824016563147,0.16667,0.16667,5820000.0,5820000.0,https://www.sec.gov/Archives/edgar/data/1127371/000110465904033486/a04-12441_110qsb.htm,https://www.sec.gov/Archives/edgar/data/1127371/000110465904033486/a04-12441_110qsb.htm
0,2004-06-30,CVCY,2004-08-05,2004-08-05 13:58:15,Q2,4370000.0,460000.0,4370000.0,1.0,0.0,3100000.0,0.0,872000.0,3560000.0,0.0,460000.0,549999.9999999999,2280000.0,302.5,1260000.0,210.5,0.0,1260000.0,210.5,440000.0,830000.0,137.5,0.14188,0.14188,5850000.0,5850000.0,https://www.sec.gov/Archives/edgar/data/1127371/000110465904022609/a04-8693_110qsb.htm,https://www.sec.gov/Archives/edgar/data/1127371/000110465904022609/a04-8693_110qsb.htm
0,2004-03-31,CVCY,2004-05-14,2004-05-14 12:15:24,Q1,4710000.0,500000.0,4710000.0,1.0,0.0,3370000.0,0.0,909000.0,3870000.0,0.0,500000.0,640000.0,2480000.0,4.39412997903564,1340000.0,3.048218029350105,0.0,1340000.0,3.048218029350105,480000.0,860000.0,1.8050314465408805,0.14701,0.14701,5850000.0,5850000.0,https://www.sec.gov/Archives/edgar/data/1127371/000110465904008466/a04-3821_110ksb.htm,https://www.sec.gov/Archives/edgar/data/1127371/000110465904008466/a04-3821_110ksb.htm
0,2003-12-31,CVCY,2004-03-26,2004-03-25 20:28:52,Q4,4310000.0,530000.0,4310000.0,1.0,0.0,3080000.0,0.0,3425000.0,3610000.0,0.0,530000.0,780000.0000000002,2540000.0,0.0,1230000.0,0.0,0.0,1230000.0,0.0,470000.0,760000.0,0.0,0.13451,0.13451,5650000.0,5650000.0,https://www.sec.gov/Archives/edgar/data/1127371/000110465904008466/a04-3821_110ksb.htm,https://www.sec.gov/Archives/edgar/data/1127371/000110465904008466/a04-3821_110ksb.htm
0,2003-09-30,CVCY,2003-11-05,2003-11-05 14:52:50,Q3,4440000.0,550000.0,4440000.0,1.0,0.0,3010000.0,0.0,830000.0,3560000.0,0.0,550000.0,829999.9999999998,2810000.0,6.351123595505618,1430000.0,4.00561797752809,0.0,1430000.0,4.00561797752809,420000.0,1010000.0,2.8258426966292136,0.17688,0.17688,5710000.0,5710000.0,https://www.sec.gov/Archives/edgar/data/1127371/000110465903024764/a03-4700_110qsb.htm,https://www.sec.gov/Archives/edgar/data/1127371/000110465903024764/a03-4700_110qsb.htm
0,2003-06-30,CVCY,2003-08-11 00:00:00,2003-08-11 13:21:55,Q2,4330000.0,600000.0,4330000.0,1.0,0.0,3200000.0,0.0,1697000.0,3800000.0,0.0,600000.0,580000.0,2310000.0,0.4388120839733743,1130000.0,0.28929851510496674,0.0,1130000.0,0.28929851510496674,310000.0,820000.0,0.21044546850998463,0.14591,0.14591,5620000.0,5620000.0,https://www.sec.gov/Archives/edgar/data/1127371/000110465903017423/0001104659-03-017423-index.html,https://www.sec.gov/Archives/edgar/data/1127371/000110465903017423/a03-2306_110q.htm
0,2003-03-31,CVCY,2003-05-08,2003-05-08 13:17:59,Q1,4140000.0,620000.0,4140000.0,1.0,0.0,3060000.0,0.0,820000.0,3680000.0,0.0,620000.0,660000.0,2360000.0,0.47025419145484043,1080000.0,0.29313142239048134,0.0,1080000.0,0.29313142239048134,300000.0,780000.0,0.21119524067063278,0.14004,0.14004,5570000.0,5570000.0,https://www.sec.gov/Archives/edgar/data/1127371/000110465903005465/j8497_10ksb.htm,https://www.sec.gov/Archives/edgar/data/1127371/000110465903005465/j8497_10ksb.htm
0,2002-12-31,CVCY,2003-03-31,2003-03-31 13:21:24,Q4,4150000.0,680000.0,4150000.0,1.0,0.0,3150000.0,0.0,3542430000,3830000.0,0.0,680000.0,589999.9999999999,2280000.0,187.4226971204583,1010000.0,104.81396050052767,0.0,1010000.0,151.83642394090154,290000.0,720000.0,104.85006784260516,0.1302,0.1302,5530000.0,5530000.0,https://www.sec.gov/Archives/edgar/data/1127371/000110465903005465/j8497_10ksb.htm,https://www.sec.gov/Archives/edgar/data/1127371/000110465903005465/j8497_10ksb.htm
0,2002-09-30,CVCY,2002-11-12,2002-11-08 21:18:19,Q3,4140000.0,690000.0,4140000.0,1.0,0.0,3020000.0,0.0,812000.0,3710000.0,0.0,690000.0,510000.0,2320000.0,1628.0,1120000.0,1117.0,0.0,1120000.0,1117.0,350000.0,770000.0,770.0,0.14026,0.14026,5490000.0,5490000.0,https://www.sec.gov/Archives/edgar/data/1127371/000110465902005459/j5453_10qsb.htm,https://www.sec.gov/Archives/edgar/data/1127371/000110465902005459/j5453_10qsb.htm
0,2002-06-30,CVCY,2002-08-12,2002-08-12 12:35:29,Q2,3990000.0,680000.0,3990000.0,1.0,0.0,3140000.0,0.0,1832000.0,3820000.0,0.0,680000.0,570000.0000000001,2100000.0,95.34615384615384,850000.0,73.1923076923077,0.0,850000.0,73.1923076923077,240000.0,610000.0,49.69230769230769,0.11131,0.11131,5480000.0,5480000.0,https://www.sec.gov/Archives/edgar/data/1127371/000110465902003498/j4313_10qsb.htm,https://www.sec.gov/Archives/edgar/data/1127371/000110465902003498/j4313_10qsb.htm
0,2002-03-31,CVCY,2002-05-09,2002-05-08 21:55:05,Q1,3740000.0,680000.0,3740000.0,1.0,0.0,2680000.0,0.0,786000.0,3360000.0,0.0,680000.0,520000.0,2250000.0,60.46153846153846,1060000.0,40.61538461538461,0.0,1060000.0,40.61538461538461,370000.0,680000.0,26.26923076923077,0.12523,0.12523,5430000.0,5430000.0,https://www.sec.gov/Archives/edgar/data/1127371/000110465902000825/j3124_10ksb.htm,https://www.sec.gov/Archives/edgar/data/1127371/000110465902000825/j3124_10ksb.htm
0,2001-12-31,CVCY,2002-03-21,2002-03-21 00:00:00,Q4,3780000.0,820000.0,3780000.0,1.0,0.0,2850000.0,0.0,-2387000.0,3670000.0,0.0,820000.0,510000.0,2270000.0,-0.006932775803906981,930000.0,-0.0038543924682221055,0.0,930000.0,-0.005919474622577376,330000.0,610000.0,-0.0037859839496513304,0.11359,0.11359,5370000.0,5370000.0,https://www.sec.gov/Archives/edgar/data/1127371/000110465902000825/j3124_10ksb.htm,https://www.sec.gov/Archives/edgar/data/1127371/000110465902000825/j3124_10ksb.htm
0,2001-09-30,CVCY,2001-11-13,2001-11-13 00:00:00,Q3,3540000.0,990000.0,3540000.0,1.0,0.0,2690000.0,0.0,782000.0,3680000.0,0.0,990000.0,500000.0,2330000.0,1050.0,840000.0,549.0,0.0,840000.0,841.0,290000.0,550000.0,550.0,0.10148,0.10148,5420000.0,5420000.0,https://www.sec.gov/Archives/edgar/data/1127371/000110465901502965/j2208_10qsb.htm,https://www.sec.gov/Archives/edgar/data/1127371/000110465901502965/j2208_10qsb.htm
0,2001-06-30,CVCY,2001-08-13,2001-08-13 00:00:00,Q2,3490000.0,1100000.0,3490000.0,1.0,0.0,2740000.0,0.0,796000.0,3840000.0,0.0,1100000.0,459999.99999999994,2320000.0,17.945454545454545,760000.0,9.654545454545454,0.0,760000.0,14.636363636363637,260000.0,500000.0,9.10909090909091,0.09363,0.09363,5340000.0,5340000.0,https://www.sec.gov/Archives/edgar/data/1127371/000110465901501596/j1193_10qsb.htm,https://www.sec.gov/Archives/edgar/data/1127371/000110465901501596/j1193_10qsb.htm
0,2001-03-31,CVCY,,,Q1,4340000.0,1230000.0,4340000.0,1.0,0.0,3210000.0,0.0,0.0,4440000.0,0.0,1230000.0,480000.0,2830000.0,0.0,1120000.0,0.0,0.0,1120000.0,0.0,400000.0,720000.0,0.0,0.13611,0.13611,5290000.0,5290000.0,,
