,date,symbol,fillingDate,acceptedDate,period,revenue,costOfRevenue,grossProfit,grossProfitRatio,researchAndDevelopmentExpenses,generalAndAdministrativeExpenses,sellingAndMarketingExpenses,otherExpenses,operatingExpenses,costAndExpenses,interestExpense,depreciationAndAmortization,ebitda,ebitdaratio,operatingIncome,operatingIncomeRatio,totalOtherIncomeExpensesNet,incomeBeforeTax,incomeBeforeTaxRatio,incomeTaxExpense,netIncome,netIncomeRatio,eps,epsdiluted,weightedAverageShsOut,weightedAverageShsOutDil,link,finalLink
0,2020-09-30,BMRC,2020-11-06,2020-11-06 15:57:12,Q3,26356000,0.0,0.0,0.0,0.0,10244000,163000.0,0.0,0.0,0.0,603000.0,539000.0,0.0,0.0,0.0,0.37441189861891033,0.0,9868000.0,0.37441189861891033,2377000.0,7491000.0,0.2842237061769616,0.55,0.55,13539000,13610000,https://www.sec.gov/Archives/edgar/data/1403475/000140347520000039/0001403475-20-000039-index.htm,https://www.sec.gov/Archives/edgar/data/1403475/000140347520000039/bmrc-20200930.htm
0,2020-06-30,BMRC,2020-08-07,2020-08-07 18:20:38,Q2,26188000,0.0,0.0,0.0,0.0,9394000.0,158000.0,0.0,0.0,0.0,622000.0,526000.0,0.0,0.0,0.0,0.38364899954177484,0.0,10047000,0.38364899954177484,2641000.0,7406000.0,0.2828012830303956,0.55,0.55,13514000,13585000,https://www.sec.gov/Archives/edgar/data/1403475/000140347520000031/0001403475-20-000031-index.htm,https://www.sec.gov/Archives/edgar/data/1403475/000140347520000031/bmrc-20200630.htm
0,2020-03-31,BMRC,2020-05-08,2020-05-08 16:52:34,Q1,27239000,0.0,0.0,0.0,0.0,10940000,251000.0,0.0,0.0,0.0,1265000.0,526000.0,0.0,0.0,0.0,0.35133448364477404,0.0,9570000.0,0.35133448364477404,2342000.0,7228000.0,0.26535482213003414,0.53,0.53,13525000,13656000,https://www.sec.gov/Archives/edgar/data/1403475/000140347520000018/0001403475-20-000018-index.htm,https://www.sec.gov/Archives/edgar/data/1403475/000140347520000008/bmrc-20191231x10kxsc.htm
0,2019-12-31,BMRC,2020-03-13,2020-03-13 17:16:01,Q4,26212000,0.0,0.0,0.0,0.0,9219000.0,187000.0,0.0,0.0,0.0,1339000.0,527000.0,0.0,0.0,0.0,0.4725316648863116,0.0,12386000,0.4725316648863116,3307000.0,9079000.0,0.3463680756905234,0.67,0.66,13521000,13703000,https://www.sec.gov/Archives/edgar/data/1403475/000140347520000008/0001403475-20-000008-index.htm,https://www.sec.gov/Archives/edgar/data/1403475/000140347520000008/bmrc-20191231x10kxsc.htm
0,2019-09-30,BMRC,2019-11-08,2019-11-08 14:22:07,Q3,26872000,0.0,0.0,0.0,0.0,9987000.0,183000.0,0.0,0.0,0.0,1181000.0,573000.0,0.0,0.0,0.0,0.4566835367668949,0.0,12272000,0.4566835367668949,2824000.0,9448000.0,0.35159273593331347,0.7,0.69,13571000,13735000,https://www.sec.gov/Archives/edgar/data/1403475/000140347519000043/0001403475-19-000043-index.htm,https://www.sec.gov/Archives/edgar/data/1403475/000140347519000043/bmrc-20190930x10q.htm
0,2019-06-30,BMRC,2019-08-08,2019-08-08 17:05:42,Q2,26063000,0.0,0.0,0.0,0.0,10711000,194000.0,0.0,0.0,0.0,1152000.0,572000.0,0.0,0.0,0.0,0.42769443272071517,0.0,11147000,0.42769443272071517,2912000.0,8235000.0,0.31596516133983044,0.6,0.6,13655000,13818000,https://www.sec.gov/Archives/edgar/data/1403475/000140347519000033/0001403475-19-000033-index.htm,https://www.sec.gov/Archives/edgar/data/1403475/000140347519000033/bmrc-20190630x10q.htm
0,2019-03-31,BMRC,2019-05-08,2019-05-08 17:25:55,Q1,25617000,0.0,0.0,0.0,0.0,10989000,211000.0,0.0,0.0,0.0,1085000.0,556000.0,0.0,0.0,0.0,0.3938400281063356,0.0,10089000,0.3938400281063356,2610000.0,7479000.0,0.29195456142405435,0.54,0.54,13737000,13924000,https://www.sec.gov/Archives/edgar/data/1403475/000140347519000017/0001403475-19-000017-index.htm,https://www.sec.gov/Archives/edgar/data/1403475/000140347519000006/bmrc-20181231x10kxsc.htm
0,2018-12-31,BMRC,2019-03-15,2019-03-14 17:40:02,Q4,26695000,0.0,0.0,0.0,0.0,9763000.0,240000.0,0.0,0.0,0.0,1745000.0,0.0,0.0,0.0,0.0,0.4866079790222888,0.0,12990000,0.4866079790222888,3328000.0,9662000.0,0.36194043828432293,0.7,0.69,13841000,14033000,https://www.sec.gov/Archives/edgar/data/1403475/000140347519000006/0001403475-19-000006-index.htm,https://www.sec.gov/Archives/edgar/data/1403475/000140347519000006/bmrc-20181231x10kxsc.htm
0,2018-09-30,BMRC,2018-11-06,2018-11-06 17:07:43,Q3,25775000,0.0,0.0,0.0,0.0,9758000.0,118000.0,0.0,0.0,0.0,669000.0,0.0,0.0,0.0,0.0,0.4579631425800194,0.0,11804000,0.4579631425800194,3124000.0,8680000.0,0.3367604267701261,0.625,0.615,13900000,14110000,https://www.sec.gov/Archives/edgar/data/1403475/000140347518000033/0001403475-18-000033-index.htm,https://www.sec.gov/Archives/edgar/data/1403475/000140347518000033/bmrc-20180930x10q.htm
0,2018-06-30,BMRC,2018-08-07,2018-08-07 13:13:42,Q2,25080000,0.0,0.0,0.0,0.0,10107000,130000.0,0.0,0.0,0.0,566000.0,0.0,0.0,0.0,0.0,0.4214912280701754,0.0,10571000,0.4214912280701754,2680000.0,7891000.0,0.31463317384370015,0.57,0.56,13888000,14066000,https://www.sec.gov/Archives/edgar/data/1403475/000140347518000026/0001403475-18-000026-index.htm,https://www.sec.gov/Archives/edgar/data/1403475/000140347518000026/bmrc-20180630x10q.htm
0,2018-03-31,BMRC,2018-05-08,2018-05-07 18:38:06,Q1,24133000,0.0,0.0,0.0,0.0,11211000,179000.0,0.0,0.0,0.0,556000.0,0.0,0.0,0.0,0.0,0.3336510172792442,0.0,8052000.0,0.3336510172792442,1663000.0,6389000.0,0.2647412257075374,0.46,0.455,13828000,14012000,https://www.sec.gov/Archives/edgar/data/1403475/000140347518000012/0001403475-18-000012-index.htm,https://www.sec.gov/Archives/edgar/data/1403475/000140347518000006/bmrc-20171231x10k.htm
0,2017-12-31,BMRC,2018-03-15,2018-03-14 19:40:18,Q4,22130000,0.0,0.0,0.0,0.0,10663000,208000.0,0.0,0.0,0.0,511000.0,0.0,0.0,0.0,0.0,0.2948938093086308,0.0,6526000.0,0.2948938093086308,5416000.0,1110000.0,0.05015815634884772,0.085,0.085,12910000,13100000,https://www.sec.gov/Archives/edgar/data/1403475/000140347518000006/0001403475-18-000006-index.htm,https://www.sec.gov/Archives/edgar/data/1403475/000140347518000006/bmrc-20171231x10k.htm
0,2017-09-30,BMRC,2017-11-06,2017-11-06 17:26:36,Q3,20854000,0.0,0.0,0.0,0.0,8966000.0,155000.0,0.0,0.0,0.0,423000.0,0.0,0.0,0.0,0.0,0.3748921070298264,0.0,7818000.0,0.3748921070298264,2686000.0,5132000.0,0.2460918768581567,0.42,0.415,12246000,12382000,https://www.sec.gov/Archives/edgar/data/1403475/000140347517000067/0001403475-17-000067-index.htm,https://www.sec.gov/Archives/edgar/data/1403475/000140347517000067/bmrc-20170930x10q.htm
0,2017-06-30,BMRC,2017-08-07,2017-08-07 17:13:56,Q2,20400000,0.0,0.0,0.0,0.0,8953000.0,131000.0,0.0,0.0,0.0,399000.0,0.0,0.0,0.0,0.0,0.38083333333333336,0.0,7769000.0,0.38083333333333336,2583000.0,5186000.0,0.2542156862745098,0.425,0.42,12220000,12348000,https://www.sec.gov/Archives/edgar/data/1403475/000140347517000036/0001403475-17-000036-index.htm,https://www.sec.gov/Archives/edgar/data/1403475/000140347517000036/bmrc-20170630x10q.htm
0,2017-03-31,BMRC,2017-05-08,2017-05-08 15:22:35,Q1,19736000,0.0,0.0,0.0,0.0,9004000.0,73000.0,0.0,0.0,0.0,411000.0,0.0,0.0,0.0,0.0,0.34074787190920147,0.0,6725000.0,0.34074787190920147,2177000.0,4548000.0,0.23044183218483988,0.375,0.37,12184000,12344000,https://www.sec.gov/Archives/edgar/data/1403475/000140347517000018/0001403475-17-000018-index.htm,https://www.sec.gov/Archives/edgar/data/1403475/000140347517000012/bmrc-20161231x10k.htm
0,2016-12-31,BMRC,2017-03-14,2017-03-13 21:52:36,Q4,20439000,0.0,0.0,0.0,0.0,8021000.0,187000.0,0.0,0.0,0.0,432000.0,0.0,0.0,0.0,0.0,0.43955183717403,0.0,8984000.0,0.43955183717403,3297000.0,5687000.0,0.27824257546846715,0.465,0.465,12170000,12284000,https://www.sec.gov/Archives/edgar/data/1403475/000140347517000012/0001403475-17-000012-index.htm,https://www.sec.gov/Archives/edgar/data/1403475/000140347517000012/bmrc-20161231x10k.htm
0,2016-09-30,BMRC,2016-11-07,2016-11-07 15:09:47,Q3,21495000,0.0,0.0,0.0,0.0,8457000.0,177000.0,0.0,0.0,0.0,453000.0,0.0,0.0,0.0,0.0,0.5180274482437777,0.0,11135000,0.5180274482437777,4171000.0,6964000.0,0.3239823214701093,0.57,0.57,12166000,12234000,https://www.sec.gov/Archives/edgar/data/1403475/000140347516000101/0001403475-16-000101-index.htm,https://www.sec.gov/Archives/edgar/data/1403475/000140347516000101/bmrc-20160930x10q.htm
0,2016-06-30,BMRC,2016-08-05,2016-08-04 19:08:12,Q2,19587000,0.0,0.0,0.0,0.0,8265000.0,98000.0,0.0,0.0,0.0,827000.0,0.0,0.0,0.0,0.0,0.386480829121356,0.0,7570000.0,0.386480829121356,2733000.0,4837000.0,0.24694950732628784,0.4,0.395,12156000,12218000,https://www.sec.gov/Archives/edgar/data/1403475/000140347516000092/0001403475-16-000092-index.htm,https://www.sec.gov/Archives/edgar/data/1403475/000140347516000092/bmrc-20160630x10q.htm
0,2016-03-31,BMRC,2016-05-09,2016-05-09 14:23:44,Q1,20801000,0.0,0.0,0.0,0.0,8350000.0,103000.0,0.0,0.0,0.0,557000.0,0.0,0.0,0.0,0.0,0.4226239123119081,0.0,8791000.0,0.4226239123119081,3145000.0,5646000.0,0.27142925820874,0.465,0.465,12096000,12180000,https://www.sec.gov/Archives/edgar/data/1403475/000140347516000071/0001403475-16-000071-index.htm,https://www.sec.gov/Archives/edgar/data/1403475/000140347516000064/bmrc-20151231x10k.htm
0,2015-12-31,BMRC,2016-03-11,2016-03-11 15:57:15,Q4,19341000,0.0,0.0,0.0,0.0,7356000.0,0.0,0.0,0.0,0.0,552000.0,0.0,0.0,0.0,0.0,0.3984282095031281,0.0,7706000.0,0.3984282095031281,2781000.0,4925000.0,0.25464040122020576,0.41,0.405,12066000,12166000,https://www.sec.gov/Archives/edgar/data/1403475/000140347516000064/0001403475-16-000064-index.htm,https://www.sec.gov/Archives/edgar/data/1403475/000140347516000064/bmrc-20151231x10k.htm
0,2015-09-30,BMRC,2015-11-09,2015-11-09 13:44:38,Q3,19181000,0.0,0.0,0.0,0.0,7828000.0,75000.0,0.0,0.0,0.0,562000.0,0.0,0.0,0.0,0.0,0.39325374068088215,0.0,7543000.0,0.39325374068088215,2770000.0,4773000.0,0.24883999791460298,0.4,0.395,11926000,12134000,https://www.sec.gov/Archives/edgar/data/1403475/000140347515000054/0001403475-15-000054-index.htm,https://www.sec.gov/Archives/edgar/data/1403475/000140347515000054/bmrc-20150930x10q.htm
0,2015-06-30,BMRC,2015-08-07,2015-08-07 14:17:56,Q2,19062000,0.0,0.0,0.0,0.0,8226000.0,46000.0,0.0,0.0,0.0,564000.0,0.0,0.0,0.0,0.0,0.35374042597838634,0.0,6743000.0,0.35374042597838634,2457000.0,4286000.0,0.22484524184240898,0.36,0.355,11890000,12124000,https://www.sec.gov/Archives/edgar/data/1403475/000140347515000043/0001403475-15-000043-index.htm,https://www.sec.gov/Archives/edgar/data/1403475/000140347515000043/bmrc-20150630x10q.htm
0,2015-03-31,BMRC,2015-05-08,2015-05-08 13:26:50,Q1,18787000,0.0,0.0,0.0,0.0,7888000.0,76000.0,0.0,0.0,0.0,582000.0,0.0,0.0,0.0,0.0,0.3693511470697823,0.0,6939000.0,0.3693511470697823,2482000.0,4457000.0,0.23723851599510298,0.375,0.37,11842000,12096000,https://www.sec.gov/Archives/edgar/data/1403475/000140347515000020/0001403475-15-000020-index.htm,https://www.sec.gov/Archives/edgar/data/1403475/000140347515000012/bmrc-20141231x10k.htm
0,2014-12-31,BMRC,2015-03-12,2015-03-12 13:39:53,Q4,19298000,0.0,0.0,0.0,0.0,6890000.0,94000.0,0.0,0.0,0.0,580000.0,0.0,0.0,0.0,0.0,0.3982277956264898,0.0,7685000.0,0.3982277956264898,2993000.0,4692000.0,0.2431340035236812,0.395,0.39,11826000,12074000,https://www.sec.gov/Archives/edgar/data/1403475/000140347515000012/0001403475-15-000012-index.htm,https://www.sec.gov/Archives/edgar/data/1403475/000140347515000012/bmrc-20141231x10k.htm
0,2014-09-30,BMRC,2014-11-07,2014-11-07 14:56:25,Q3,19832000,0.0,0.0,0.0,0.0,7224000.0,107000.0,0.0,0.0,0.0,577000.0,0.0,0.0,0.0,0.0,0.42769261799112546,0.0,8482000.0,0.42769261799112546,3104000.0,5378000.0,0.27117789431222267,0.455,0.445,11806000,12028000,https://www.sec.gov/Archives/edgar/data/1403475/000140347514000043/0001403475-14-000043-index.htm,https://www.sec.gov/Archives/edgar/data/1403475/000140347514000043/bmrc-20140930x10q.htm
0,2014-06-30,BMRC,2014-08-08,2014-08-08 12:37:37,Q2,20242000,0.0,0.0,0.0,0.0,7336000.0,87000.0,0.0,0.0,0.0,582000.0,0.0,0.0,0.0,0.0,0.4043572769489181,0.0,8185000.0,0.4043572769489181,3017000.0,5168000.0,0.25531074004545007,0.44,0.43,11776000,11986000,https://www.sec.gov/Archives/edgar/data/1403475/000140347514000029/0001403475-14-000029-index.htm,https://www.sec.gov/Archives/edgar/data/1403475/000140347514000029/bmrc-20140630x10q.htm
0,2014-03-31,BMRC,2014-05-08,2014-05-08 14:58:32,Q1,20110000,0.0,0.0,0.0,0.0,8651000.0,111000.0,0.0,0.0,0.0,610000.0,0.0,0.0,0.0,0.0,0.3539035305818001,0.0,7117000.0,0.3539035305818001,2584000.0,4533000.0,0.22541024365987072,0.385,0.38,11740000,11960000,https://www.sec.gov/Archives/edgar/data/1403475/000140347514000018/0001403475-14-000018-index.htm,https://www.sec.gov/Archives/edgar/data/1403475/000140347514000013/bmrc-20131231x10k.htm
0,2013-12-31,BMRC,2014-03-17,2014-03-14 19:40:06,Q4,17695000,0.0,0.0,0.0,0.0,9742000.0,168000.0,0.0,0.0,0.0,497000.0,0.0,0.0,0.0,0.0,0.20762927380615992,0.0,3674000.0,0.20762927380615992,1329000.0,2345000.0,0.13252331166996326,0.21,0.205,11170000,11394000,https://www.sec.gov/Archives/edgar/data/1403475/000140347514000013/0001403475-14-000013-index.htm,https://www.sec.gov/Archives/edgar/data/1403475/000140347514000013/bmrc-20131231x10k.htm
0,2013-09-30,BMRC,2013-11-12,2013-11-08 19:14:33,Q3,15995000,0.0,0.0,0.0,0.0,6335000.0,90000.0,0.0,0.0,0.0,429000.0,0.0,0.0,0.0,0.0,0.3981244138793373,0.0,6368000.0,0.3981244138793373,2364000.0,4004000.0,0.25032822757111595,0.37,0.36,10866000,11076000,https://www.sec.gov/Archives/edgar/data/1403475/000140347513000107/0001403475-13-000107-index.htm,https://www.sec.gov/Archives/edgar/data/1403475/000140347513000107/bmrc-20130930x10q.htm
0,2013-06-30,BMRC,2013-08-08,2013-08-08 12:29:16,Q2,16249000,0.0,0.0,0.0,0.0,6463000.0,114000.0,0.0,0.0,0.0,425000.0,0.0,0.0,0.0,0.0,0.29109483660532953,0.0,4730000.0,0.29109483660532953,1675000.0,3055000.0,0.18801156994276572,0.28,0.275,10838000,11018000,https://www.sec.gov/Archives/edgar/data/1403475/000140347513000077/0001403475-13-000077-index.htm,https://www.sec.gov/Archives/edgar/data/1403475/000140347513000077/bmrc-20130630x10q.htm
0,2013-03-31,BMRC,2013-05-08,2013-05-08 13:26:01,Q1,16902000,0.0,0.0,0.0,0.0,6178000.0,117000.0,0.0,0.0,0.0,434000.0,0.0,0.0,0.0,0.0,0.4400070997515087,0.0,7437000.0,0.4400070997515087,2571000.0,4866000.0,0.2878949236776713,0.45,0.445,10778000,10974000,https://www.sec.gov/Archives/edgar/data/1403475/000140347513000031/0001403475-13-000031-index.htm,https://www.sec.gov/Archives/edgar/data/1403475/000140347513000017/bmrc-20121231x10k.htm
0,2012-12-31,BMRC,2013-03-14,2013-03-14 16:38:42,Q4,17607000,0.0,0.0,0.0,0.0,6448000.0,0.0,0.0,0.0,0.0,507000.0,0.0,0.0,0.0,0.0,0.4160277162492191,0.0,7325000.0,0.4160277162492191,2623000.0,4702000.0,0.2670528766967683,0.44,0.43,10714000,10902000,https://www.sec.gov/Archives/edgar/data/1403475/000140347513000017/0001403475-13-000017-index.htm,https://www.sec.gov/Archives/edgar/data/1403475/000140347513000017/bmrc-20121231x10k.htm
0,2012-09-30,BMRC,2012-11-06,2012-11-06 16:22:11,Q3,16718000,0.0,0.0,0.0,0.0,6028000.0,0.0,0.0,0.0,0.0,681000.0,0.0,0.0,0.0,0.0,0.3006340471348247,0.0,5026000.0,0.3006340471348247,1802000.0,3224000.0,0.19284603421461896,0.3,0.295,10688000,10910000,https://www.sec.gov/Archives/edgar/data/1403475/000140347512000040/0001403475-12-000040-index.htm,https://www.sec.gov/Archives/edgar/data/1403475/000140347512000040/bmrc-20120930x10q.htm
0,2012-06-30,BMRC,2012-08-08,2012-08-07 18:25:30,Q2,18081000,0.0,0.0,0.0,0.0,6192000.0,0.0,0.0,0.0,0.0,656000.0,0.0,0.0,0.0,0.0,0.4588241800785355,0.0,8296000.0,0.4588241800785355,3345000.0,4951000.0,0.2738233504784027,0.465,0.455,10674000,10838000,https://www.sec.gov/Archives/edgar/data/1403475/000140347512000028/0001403475-12-000028-index.htm,https://www.sec.gov/Archives/edgar/data/1403475/000140347512000028/bmrc-20120630x10q.htm
0,2012-03-31,BMRC,2012-05-08,2012-05-08 14:18:40,Q1,17896000,0.0,0.0,0.0,0.0,6443000.0,0.0,0.0,0.0,0.0,732000.0,0.0,0.0,0.0,0.0,0.4504358515869468,0.0,8061000.0,0.4504358515869468,3121000.0,4940000.0,0.2760393383996424,0.465,0.455,10652000,10850000,https://www.sec.gov/Archives/edgar/data/1403475/000140347512000008/0001403475-12-000008-index.htm,https://www.sec.gov/Archives/edgar/data/1403475/000114036112014968/form10k.htm
0,2011-12-31,BMRC,2012-03-12,2012-03-12 17:02:01,Q4,17242000,0.0,0.0,0.0,0.0,5509000.0,0.0,0.0,0.0,0.0,948000.0,0.0,0.0,0.0,0.0,0.2904535436724278,0.0,5008000.0,0.2904535436724278,1625000.0,3383000.0,0.19620693655028418,0.0,0.0,0.0,0.0,https://www.sec.gov/Archives/edgar/data/1403475/000114036112014968/0001140361-12-014968-index.htm,https://www.sec.gov/Archives/edgar/data/1403475/000114036112014968/form10k.htm
0,2011-09-30,BMRC,2011-11-08,2011-11-07 19:54:35,Q3,16785000,0.0,0.0,0.0,0.0,6151000.0,0.0,0.0,0.0,0.0,2005000.0,0.0,0.0,0.0,0.0,0.4089365504915103,0.0,6864000.0,0.4089365504915103,2631000.0,4233000.0,0.25218945487042,0.4,0.395,10620000,10780000,https://www.sec.gov/Archives/edgar/data/1403475/000114036111052125/0001140361-11-052125-index.htm,https://www.sec.gov/Archives/edgar/data/1403475/000114036111052125/form10q.htm
0,2011-06-30,BMRC,2011-08-08,2011-08-08 17:22:18,Q2,18584000,0.0,0.0,0.0,0.0,6343000.0,0.0,0.0,0.0,0.0,1134000.0,0.0,0.0,0.0,0.0,0.30058114507102884,0.0,5586000.0,0.30058114507102884,2147000.0,3439000.0,0.185051657339647,0.325,0.32,10600000,10770000,https://www.sec.gov/Archives/edgar/data/1403475/000114036111040279/0001140361-11-040279-index.htm,https://www.sec.gov/Archives/edgar/data/1403475/000114036111040279/form10q.htm
0,2011-03-31,BMRC,2011-05-09,2011-05-09 17:29:48,Q1,17477000,0.0,0.0,0.0,0.0,5898000.0,0.0,0.0,0.0,0.0,1208000.0,0.0,0.0,0.0,0.0,0.4175201693654517,0.0,7297000.0,0.4175201693654517,2788000.0,4509000.0,0.25799622360817076,0.425,0.42,10566000,10732000,https://www.sec.gov/Archives/edgar/data/1403475/000114036111026036/0001140361-11-026036-index.htm,https://www.sec.gov/Archives/edgar/data/1403475/000114036111016101/form10k.htm
0,2010-12-31,BMRC,2011-03-11,2011-03-11 16:33:15,Q4,15419000,0.0,0.0,0.0,0.0,5283000.0,0.0,0.0,0.0,0.0,1305000.0,0.0,0.0,0.0,0.0,0.4106621700499384,0.0,6332000.0,0.4106621700499384,2424000.0,3908000.0,0.25345353135741616,0.0,0.0,0.0,0.0,https://www.sec.gov/Archives/edgar/data/1403475/000114036111016101/0001140361-11-016101-index.htm,https://www.sec.gov/Archives/edgar/data/1403475/000114036111016101/form10k.htm
0,2010-09-30,BMRC,2010-11-03,2010-11-03 16:30:17,Q3,15272000,0.0,0.0,0.0,0.0,5544000.0,0.0,0.0,0.0,0.0,1636000.0,0.0,0.0,0.0,0.0,0.35129649030906235,0.0,5365000.0,0.35129649030906235,2006000.0,3359000.0,0.21994499738082765,0.32,0.315,10482000,10622000,https://www.sec.gov/Archives/edgar/data/1403475/000114036110043397/0001140361-10-043397-index.htm,https://www.sec.gov/Archives/edgar/data/1403475/000114036110043397/form10q.htm
0,2010-06-30,BMRC,2010-08-03,2010-08-02 20:36:00,Q2,15262000,0.0,0.0,0.0,0.0,5421000.0,0.0,0.0,0.0,0.0,1748000.0,0.0,0.0,0.0,0.0,0.3486436902109815,0.0,5321000.0,0.3486436902109815,1983000.0,3338000.0,0.2187131437557332,0.32,0.315,10468000,10616000,https://www.sec.gov/Archives/edgar/data/1403475/000114036110031140/0001140361-10-031140-index.htm,https://www.sec.gov/Archives/edgar/data/1403475/000114036110031140/form10q.htm
0,2010-03-31,BMRC,2010-05-04,2010-05-04 17:22:21,Q1,14477000,0.0,0.0,0.0,0.0,5414000.0,0.0,0.0,0.0,0.0,1759000.0,0.0,0.0,0.0,0.0,0.3249982731228846,0.0,4705000.0,0.3249982731228846,1758000.0,2947000.0,0.2035642743662361,0.28,0.28,10436000,10590000,https://www.sec.gov/Archives/edgar/data/1403475/000114036110018849/0001140361-10-018849-index.htm,https://www.sec.gov/Archives/edgar/data/1403475/000114036110011890/form10k.htm
0,2009-12-31,BMRC,2010-03-15,2010-03-15 15:46:31,Q4,14731000,0.0,0.0,0.0,0.0,4772000.0,0.0,0.0,0.0,0.0,1814000.0,0.0,0.0,0.0,0.0,0.30160885208064625,0.0,4443000.0,0.30160885208064625,1641000.0,2802000.0,0.19021111940805105,0.0,0.0,0.0,0.0,https://www.sec.gov/Archives/edgar/data/1403475/000114036110011890/0001140361-10-011890-index.htm,https://www.sec.gov/Archives/edgar/data/1403475/000114036110011890/form10k.htm
0,2009-09-30,BMRC,2009-11-03,2009-11-03 12:05:33,Q3,14667000,0.0,0.0,0.0,0.0,4993000.0,0.0,0.0,0.0,0.0,1780000.0,0.0,0.0,0.0,0.0,0.3948319356378264,0.0,5791000.0,0.3948319356378264,2190000.0,3601000.0,0.2455171473375605,0.345,0.34,10410000,10548000,https://www.sec.gov/Archives/edgar/data/1403475/000114036109024447/0001140361-09-024447-index.htm,https://www.sec.gov/Archives/edgar/data/1403475/000114036109024447/form10q.htm
0,2009-06-30,BMRC,2009-08-05,2009-08-05 16:51:21,Q2,14306000,0.0,0.0,0.0,0.0,5642000.0,0.0,0.0,0.0,0.0,1804000.0,0.0,0.0,0.0,0.0,0.34992310918495734,0.0,5006000.0,0.34992310918495734,1873000.0,3133000.0,0.21899902138962674,0.305,0.3,10328000,10428000,https://www.sec.gov/Archives/edgar/data/1403475/000114036109017991/0001140361-09-017991-index.htm,https://www.sec.gov/Archives/edgar/data/1403475/000114036109017991/form10-q.htm
0,2009-03-31,BMRC,2009-05-06,2009-05-05 18:47:37,Q1,14045000,0.0,0.0,0.0,0.0,4727000.0,0.0,0.0,0.0,0.0,1769000.0,0.0,0.0,0.0,0.0,0.37757208971164113,0.0,5303000.0,0.37757208971164113,2074000.0,3229000.0,0.22990388038447845,0.19,0.185,10292000,10368000,https://www.sec.gov/Archives/edgar/data/1403475/000114036109011103/0001140361-09-011103-index.htm,https://www.sec.gov/Archives/edgar/data/1403475/000114036109007113/form10k.htm
0,2008-12-31,BMRC,2009-03-16,2009-03-16 15:17:33,Q4,14030000,0.0,0.0,0.0,0.0,3725000.0,0.0,0.0,0.0,0.0,2214000.0,0.0,0.0,0.0,0.0,0.3375623663578047,0.0,4736000.0,0.3375623663578047,1943000.0,2793000.0,0.1990734141126158,0.0,0.0,0.0,0.0,https://www.sec.gov/Archives/edgar/data/1403475/000114036109007113/0001140361-09-007113-index.htm,https://www.sec.gov/Archives/edgar/data/1403475/000114036109007113/form10k.htm
0,2008-09-30,BMRC,2008-11-04,2008-11-04 16:44:09,Q3,13505000,0.0,0.0,0.0,0.0,4179000.0,0.0,0.0,0.0,0.0,2717000.0,0.0,0.0,0.0,0.0,0.3241762310255461,0.0,4378000.0,0.3241762310255461,1683000.0,2695000.0,0.19955572010366532,0.265,0.26,10260000,10418000,https://www.sec.gov/Archives/edgar/data/1403475/000114036108024327/0001140361-08-024327-index.htm,https://www.sec.gov/Archives/edgar/data/1403475/000114036108024327/form10q.htm
0,2008-06-30,BMRC,2008-08-07,2008-08-07 14:24:26,Q2,13188000,0.0,0.0,0.0,0.0,4035000.0,0.0,0.0,0.0,0.0,2635000.0,0.0,0.0,0.0,0.0,0.41992720655141036,0.0,5538000.0,0.41992720655141036,2152000.0,3386000.0,0.25674855929633,0.33,0.325,10278000,10452000,https://www.sec.gov/Archives/edgar/data/1403475/000114036108018545/0001140361-08-018545-index.htm,https://www.sec.gov/Archives/edgar/data/1403475/000114036108018545/form10q.htm
0,2008-03-31,BMRC,2008-05-06,2008-05-05 21:05:41,Q1,12992000,0.0,0.0,0.0,0.0,4158000.0,0.0,0.0,0.0,0.0,3251000.0,0.0,0.0,0.0,0.0,0.41379310344827586,0.0,5376000.0,0.41379310344827586,2100000.0,3276000.0,0.2521551724137931,0.32,0.315,10272000,10476000,https://www.sec.gov/Archives/edgar/data/1403475/000114036108011155/0001140361-08-011155-index.htm,https://www.sec.gov/Archives/edgar/data/1403475/000114036108006680/form10k.htm
0,2007-12-31,BMRC,2008-03-14,2008-03-13 18:48:41,Q4,12709000,0.0,0.0,0.0,0.0,3909000.0,0.0,0.0,0.0,0.0,4222000.0,0.0,0.0,0.0,0.0,0.401919899283972,0.0,5108000.0,0.401919899283972,1983000.0,3125000.0,0.24588874026280588,0.0,0.0,0.0,0.0,https://www.sec.gov/Archives/edgar/data/1403475/000114036108006680/0001140361-08-006680-index.htm,https://www.sec.gov/Archives/edgar/data/1403475/000114036108006680/form10k.htm
0,2007-09-30,BMRC,2007-11-07,2007-11-07 15:24:20,Q3,23879000,0.0,0.0,0.0,0.0,7828000.0,0.0,0.0,0.0,0.0,9917000.0,0.0,0.0,0.0,0.0,0.42832614431090077,0.0,10228000,0.42832614431090077,3932000.0,6296000.0,0.2636626324385443,0.31,0.3,10344000,10602000,https://www.sec.gov/Archives/edgar/data/1403475/000114036107021255/0001140361-07-021255-index.htm,https://www.sec.gov/Archives/edgar/data/1403475/000114036107021255/form10q.htm
