,date,symbol,fillingDate,acceptedDate,period,revenue,costOfRevenue,grossProfit,grossProfitRatio,researchAndDevelopmentExpenses,generalAndAdministrativeExpenses,sellingAndMarketingExpenses,otherExpenses,operatingExpenses,costAndExpenses,interestExpense,depreciationAndAmortization,ebitda,ebitdaratio,operatingIncome,operatingIncomeRatio,totalOtherIncomeExpensesNet,incomeBeforeTax,incomeBeforeTaxRatio,incomeTaxExpense,netIncome,netIncomeRatio,eps,epsdiluted,weightedAverageShsOut,weightedAverageShsOutDil,link,finalLink
0,2020-04-30,PMO,,,Q4,10911710,2216810.0,8694900.0,0.796841,0.0,7700.0,0.0,115880.0,123569.99999999996,2340380.0,-34876460,0.0,-61181590,-5.606966,8571330.0,0.785517,0.0,-26305130,-2.410725,0.0,-26305130,-2.410725,-0.77598,-0.77598,33899260,33899260,,
0,2019-10-31,PMO,,,Q3,12266370,2336860.0,9929510.0,0.809491,0.0,5410.0,0.0,-28470.0,-23050.000000000015,2313810.0,15481620,0.0,40915800,3.335608,9952560.0,0.81137,0.0,25434180,2.073489,0.0,25434180,2.073489,0.74109,0.74109,34320120,34320120,,
0,2019-04-30,PMO,,,Q2,13266530,2451390.0,10815140,0.81522,0.0,8450.0,0.0,123030.0,131480.00000000026,2582870.0000000005,22385040,0.0,55453740,4.179973,10683660,0.805309,0.0,33068700,2.492641,0.0,33068700,2.492641,0.99219,0.99219,33328920,33328920,,
0,2018-10-31,PMO,,,Q1,0.0,0.0,0.0,0.0,0.0,0.0,0.0,0.0,0.0,0.0,0.0,0.0,0.0,0.0,0.0,0.0,0.0,0.0,0.0,0.0,0.0,0.0,0.0,0.0,0.0,0.0,,
0,2018-04-30,PMO,,,Q4,14548110,2669840.0,11878270,0.816482,0.0,8340.0,0.0,26190.0,34519.99999999966,2704359.9999999995,-14655530,0.0,-17467310,-1.200658,11843750,0.814109,0.0,-2811780.0,-0.193275,0.0,-2811780.0,-0.193275,-0.07731,-0.07731,36371520,36371520,,
0,2017-10-31,PMO,,,Q3,0.0,0.0,0.0,0.0,0.0,0.0,0.0,0.0,0.0,0.0,0.0,0.0,0.0,0.0,0.0,0.0,0.0,0.0,0.0,0.0,0.0,0.0,0.0,0.0,0.0,0.0,,
0,2017-04-30,PMO,,,Q2,15810000,2360000.0,13450000,0.850727,0.0,10000.0,0.0,680000.0,700000.0000000002,3060000.0,-20240000,0.0,-27730000,-1.753953,12750000,0.806452,-10000.0,-7490000.0,-0.473751,0.0,-7490000.0,-0.473751,-0.19679,-0.19679,38060000,38060000,,
0,2016-10-31,PMO,,,Q1,16180000,2510000.0,13670000,0.84487,0.0,10000.0,0.0,140000.0,150000.00000000035,2660000.0000000005,-6490000.0,0.0,540000.0,0.033375,13530000,0.836218,0.0,7030000.0,0.434487,0.0,7030000.0,0.434487,0.18447,0.18447,38110000,38110000,,
