,date,symbol,fillingDate,acceptedDate,period,revenue,costOfRevenue,grossProfit,grossProfitRatio,researchAndDevelopmentExpenses,generalAndAdministrativeExpenses,sellingAndMarketingExpenses,otherExpenses,operatingExpenses,costAndExpenses,interestExpense,depreciationAndAmortization,ebitda,ebitdaratio,operatingIncome,operatingIncomeRatio,totalOtherIncomeExpensesNet,incomeBeforeTax,incomeBeforeTaxRatio,incomeTaxExpense,netIncome,netIncomeRatio,eps,epsdiluted,weightedAverageShsOut,weightedAverageShsOutDil,link,finalLink
0,2019-12-31,GGZ,,,Q4,1750000.0,880000.0,870000.0,0.497143,0.0,30000.0,0.0,80000.0,109999.99999999999,990000.0,4950000.0,0.0,10660000,6.091429,760000.0,0.434286,-10000.0,5710000.0,3.262857,0.0,5710000.0,3.262857,0.60745,0.60745,9400000.0,9400000.0,,
0,2019-06-30,GGZ,,,Q3,1550000.0,1060000.0,490000.0,0.316129,0.0,60000.0,0.0,120000.0,179999.99999999994,1240000.0,14330000,0.0,28970000,18.690323,310000.0,0.2,0.0,14640000,9.445161,0.0,14640000,9.445161,1.53943,1.53943,9510000.0,9510000.0,,
0,2018-12-31,GGZ,,,Q2,1380000.0,1030000.0,350000.0,0.253623,0.0,130000.0,0.0,110000.0,240000.0,1270000.0,-20030000,0.0,-39950000,-28.949275,110000.0,0.07971,0.0,-19920000,-14.434783,0.0,-19920000,-14.434783,-2.1723,-2.1723,9170000.0,9170000.0,,
0,2018-06-30,GGZ,,,Q1,1750000.0,1000000.0,750000.0,0.428571,0.0,40000.0,0.0,120000.0,159999.9999999999,1160000.0,-2480000.0,0.0,-4360000.0,-2.491429,590000.0,0.337143,0.0,-1880000.0,-1.074286,0.0,-1880000.0,-1.074286,-0.18395,-0.18395,10220000,10220000,,
0,2017-12-31,GGZ,,,Q4,310000.0,860000.0,-560000.0,-1.806452,0.0,70000.0,0.0,140000.0,210000.0000000001,1070000.0,12830000,0.0,24890000,80.290323,-770000.0,-2.483871,0.0,12060000,38.903226,0.0,12060000,38.903226,0.93779,0.93779,12860000,12860000,,
0,2017-06-30,GGZ,,,Q3,1480000.0,760000.0,720000.0,0.486486,0.0,10000.0,0.0,120000.0,130000.0,890000.0,13380000,0.0,27350000,18.47973,590000.0,0.398649,0.0,13970000,9.439189,0.0,13970000,9.439189,1.7354,1.7354,8050000.0,8050000.0,,
0,2016-12-31,GGZ,,,Q2,680000.0,760000.0,-80000.0,-0.117647,0.0,30000.0,0.0,100000.0,130000.0,890000.0,3230000.0,0.0,6250000.0,9.191176,-210000.0,-0.308824,0.0,3020000.0,4.441176,0.0,3020000.0,4.441176,0.38471,0.38471,7850000.0,7850000.0,,
0,2016-06-30,GGZ,,,Q1,1810000.0,620000.0,1180000.0,0.651934,0.0,50000.0,0.0,130000.0,180000.00000000006,800000.0,1360000.0,0.0,3720000.0,2.055249,1000000.0,0.552486,0.0,2360000.0,1.303867,0.0,2360000.0,1.303867,0.28468,0.28468,8290000.0,8290000.0,,
