,date,symbol,fillingDate,acceptedDate,period,revenue,costOfRevenue,grossProfit,grossProfitRatio,researchAndDevelopmentExpenses,generalAndAdministrativeExpenses,sellingAndMarketingExpenses,otherExpenses,operatingExpenses,costAndExpenses,interestExpense,depreciationAndAmortization,ebitda,ebitdaratio,operatingIncome,operatingIncomeRatio,totalOtherIncomeExpensesNet,incomeBeforeTax,incomeBeforeTaxRatio,incomeTaxExpense,netIncome,netIncomeRatio,eps,epsdiluted,weightedAverageShsOut,weightedAverageShsOutDil,link,finalLink
0,2020-09-30,X.TO,2020-09-30,2020-09-30,Q3,207600000,70900000,136700000,0.6584778420038536,0.0,15900000,0.0,0.0,0.0,107200000,8400000.0,0.0,124000000,0.5973025048169557,100400000,0.45857418111753373,2900000.0,95200000,0.45857418111753373,25200000,70000000,0.3371868978805395,1.24,1.23,56552578,57080780,https://www.sedar.com/ModifyCompanyDocumentSearchForm.do?lang=EN&company_search=TMX Group Ltd&document_selection=0&industry_group=A&FromDate=13&FromMonth=05&FromYear=2000&ToDate=13&ToMonth=11&ToYear=2020&Variable=Issuer,https://www.sedar.com/ModifyCompanyDocumentSearchForm.do?lang=EN&company_search=TMX Group Ltd&document_selection=0&industry_group=A&FromDate=13&FromMonth=05&FromYear=2000&ToDate=13&ToMonth=11&ToYear=2020&Variable=Issuer
0,2020-06-30,X.TO,2020-06-30,2020-06-30,Q2,217700000,68500000,149200000,0.6853468075333027,0.0,31300000,0.0,0.0,0.0,119300000,8700000.0,0.0,120200000,0.5521359669269638,98400000,0.4225999081304547,1900000.0,92000000,0.4225999081304547,24200000,67800000,0.311437758383096,1.2,1.19,56384554,56920125,https://www.sedar.com/ModifyCompanyDocumentSearchForm.do?lang=EN&company_search=TMX Group Ltd&document_selection=0&industry_group=A&FromDate=13&FromMonth=05&FromYear=2000&ToDate=13&ToMonth=11&ToYear=2020&Variable=Issuer,https://www.sedar.com/ModifyCompanyDocumentSearchForm.do?lang=EN&company_search=TMX Group Ltd&document_selection=0&industry_group=A&FromDate=13&FromMonth=05&FromYear=2000&ToDate=13&ToMonth=11&ToYear=2020&Variable=Issuer
0,2020-03-31,X.TO,2020-03-31,2020-03-31,Q1,220300000,68900000,151400000,0.687244666364049,0.0,20600000,0.0,0.0,0.0,109300000,9400000.0,0.0,133600000,0.6064457557875624,111000000,0.47389922832501136,1800000.0,104400000,0.47389922832501136,34300000,70100000,0.31820245120290513,1.25,1.24,56280284,56730840,https://www.sedar.com/ModifyCompanyDocumentSearchForm.do?lang=EN&company_search=TMX Group Ltd&document_selection=0&industry_group=A&FromDate=13&FromMonth=05&FromYear=2000&ToDate=13&ToMonth=11&ToYear=2020&Variable=Issuer,https://www.sedar.com/ModifyCompanyDocumentSearchForm.do?lang=EN&company_search=TMX Group Ltd&document_selection=0&industry_group=A&FromDate=13&FromMonth=05&FromYear=2000&ToDate=13&ToMonth=11&ToYear=2020&Variable=Issuer
0,2019-12-31,X.TO,2019-12-31,2019-12-31,Q4,202800000,60900000,141900000,0.6997041420118343,0.0,25900000,0.0,0.0,0.0,107200000,9200000.0,0.0,117400000,0.5788954635108481,95600000,0.34861932938856016,-16400000,70700000,0.34861932938856016,23200000,47500000,0.23422090729783038,0.8399263425267721,0.8399263425267721,56552578,56552578,https://www.sedar.com/ModifyCompanyDocumentSearchForm.do?lang=EN&company_search=TMX Group Ltd&document_selection=0&industry_group=A&FromDate=13&FromMonth=05&FromYear=2000&ToDate=13&ToMonth=11&ToYear=2020&Variable=Issuer,https://www.sedar.com/ModifyCompanyDocumentSearchForm.do?lang=EN&company_search=TMX Group Ltd&document_selection=0&industry_group=A&FromDate=13&FromMonth=05&FromYear=2000&ToDate=13&ToMonth=11&ToYear=2020&Variable=Issuer
0,2019-09-30,X.TO,2019-09-30,2019-09-30,Q3,196300000,69100000,127200000,0.6479877738155884,0.0,16100000,0.0,0.0,0.0,104700000,10000000,0.0,113200000,0.5766683647478349,91600000,0.4263881813550688,1000000.0,83700000,0.4263881813550688,22000000,61700000,0.3143148242485991,1.1,1.09,56121234,56757236,https://www.sedar.com/ModifyCompanyDocumentSearchForm.do?lang=EN&company_search=TMX Group Ltd&document_selection=0&industry_group=A&FromDate=13&FromMonth=05&FromYear=2000&ToDate=13&ToMonth=11&ToYear=2020&Variable=Issuer,https://www.sedar.com/ModifyCompanyDocumentSearchForm.do?lang=EN&company_search=TMX Group Ltd&document_selection=0&industry_group=A&FromDate=13&FromMonth=05&FromYear=2000&ToDate=13&ToMonth=11&ToYear=2020&Variable=Issuer
0,2019-06-30,X.TO,2019-06-30,2019-06-30,Q2,210300000,64300000,146000000,0.6942463147883975,0.0,21200000,0.0,2300000.0,0.0,104900000,9900000.0,19400000,128800000,0.6124583927722301,105400000,0.46695197337137423,1700000.0,98200000,0.46695197337137423,21000000,77200000,0.367094626723728,1.38,1.37,56006062,56459282,https://www.sedar.com/ModifyCompanyDocumentSearchForm.do?lang=EN&company_search=TMX Group Ltd&document_selection=0&industry_group=A&FromDate=13&FromMonth=05&FromYear=2000&ToDate=13&ToMonth=11&ToYear=2020&Variable=Issuer,https://www.sedar.com/ModifyCompanyDocumentSearchForm.do?lang=EN&company_search=TMX Group Ltd&document_selection=0&industry_group=A&FromDate=13&FromMonth=05&FromYear=2000&ToDate=13&ToMonth=11&ToYear=2020&Variable=Issuer
0,2019-03-31,X.TO,2019-03-31,2019-03-31,Q1,197500000,65500000,132000000,0.6683544303797468,0.0,21500000,0.0,0.0,0.0,107300000,10300000,20300000,112900000,0.5716455696202531,90200000,0.41670886075949365,1400000.0,82300000,0.41670886075949365,21100000,61200000,0.309873417721519,1.1,1.09,55841359,56224525,https://www.sedar.com/ModifyCompanyDocumentSearchForm.do?lang=EN&company_search=TMX Group Ltd&document_selection=0&industry_group=A&FromDate=13&FromMonth=05&FromYear=2000&ToDate=13&ToMonth=11&ToYear=2020&Variable=Issuer,https://www.sedar.com/ModifyCompanyDocumentSearchForm.do?lang=EN&company_search=TMX Group Ltd&document_selection=0&industry_group=A&FromDate=13&FromMonth=05&FromYear=2000&ToDate=13&ToMonth=11&ToYear=2020&Variable=Issuer
0,2018-12-31,X.TO,2018-12-31,2018-12-31,Q4,207600000,68600000,139000000,0.6695568400770713,0.0,24000000,0.0,3900000.0,0.0,110600000,10900000,18000000,120200000,0.5789980732177264,97000000,0.43978805394990367,4700000.0,91300000,0.43978805394990367,21500000,69800000,0.33622350674373797,1.2342496570182884,1.2342496570182884,56552578,56552578,https://www.sedar.com/ModifyCompanyDocumentSearchForm.do?lang=EN&company_search=TMX Group Ltd&document_selection=0&industry_group=A&FromDate=13&FromMonth=05&FromYear=2000&ToDate=13&ToMonth=11&ToYear=2020&Variable=Issuer,https://www.sedar.com/ModifyCompanyDocumentSearchForm.do?lang=EN&company_search=TMX Group Ltd&document_selection=0&industry_group=A&FromDate=13&FromMonth=05&FromYear=2000&ToDate=13&ToMonth=11&ToYear=2020&Variable=Issuer
0,2018-09-30,X.TO,2018-09-30,2018-09-30,Q3,192800000,67500000,125300000,0.649896265560166,0.0,21400000,0.0,0.0,0.0,106300000,11000000,17400000,106000000,0.549792531120332,86500000,0.4024896265560166,800000.0,77600000,0.4024896265560166,20100000,57500000,0.29823651452282157,1.03,1.02,55730037,56244426,https://www.sedar.com/ModifyCompanyDocumentSearchForm.do?lang=EN&company_search=TMX Group Ltd&document_selection=0&industry_group=A&FromDate=13&FromMonth=05&FromYear=2000&ToDate=13&ToMonth=11&ToYear=2020&Variable=Issuer,https://www.sedar.com/ModifyCompanyDocumentSearchForm.do?lang=EN&company_search=TMX Group Ltd&document_selection=0&industry_group=A&FromDate=13&FromMonth=05&FromYear=2000&ToDate=13&ToMonth=11&ToYear=2020&Variable=Issuer
0,2018-06-30,X.TO,2018-06-30,2018-06-30,Q2,209500000,66100000,143400000,0.6844868735083532,0.0,36000000,0.0,26800000,0.0,119700000,11300000,17600000,135600000,0.6472553699284009,89800000,0.509307875894988,27200000,106700000,0.509307875894988,11100000,95600000,0.45632458233890216,1.72,1.71,55578475,56045700,https://www.sedar.com/ModifyCompanyDocumentSearchForm.do?lang=EN&company_search=TMX Group Ltd&document_selection=0&industry_group=A&FromDate=13&FromMonth=05&FromYear=2000&ToDate=13&ToMonth=11&ToYear=2020&Variable=Issuer,https://www.sedar.com/ModifyCompanyDocumentSearchForm.do?lang=EN&company_search=TMX Group Ltd&document_selection=0&industry_group=A&FromDate=13&FromMonth=05&FromYear=2000&ToDate=13&ToMonth=11&ToYear=2020&Variable=Issuer
0,2018-03-31,X.TO,2018-03-31,2018-03-31,Q1,207200000,70300000,136900000,0.6607142857142857,0.0,23900000,0.0,0.0,0.0,111500000,10900000,17300000,114900000,0.5545366795366795,95700000,0.41843629343629346,1000000.0,86700000,0.41843629343629346,23600000,63100000,0.3045366795366795,1.14,1.13,55444523,55903336,https://www.sedar.com/ModifyCompanyDocumentSearchForm.do?lang=EN&company_search=TMX Group Ltd&document_selection=0&industry_group=A&FromDate=13&FromMonth=05&FromYear=2000&ToDate=13&ToMonth=11&ToYear=2020&Variable=Issuer,https://www.sedar.com/ModifyCompanyDocumentSearchForm.do?lang=EN&company_search=TMX Group Ltd&document_selection=0&industry_group=A&FromDate=13&FromMonth=05&FromYear=2000&ToDate=13&ToMonth=11&ToYear=2020&Variable=Issuer
0,2017-12-31,X.TO,2017-12-31,2017-12-31,Q4,126400000,32600000,93800000,0.7420886075949367,0.0,19500000,0.0,0.0,0.0,60400000,7300000.0,8300000.0,89000000,0.7041139240506329,66000000,0.4224683544303797,-5700000.0,53400000,0.4224683544303797,27900000,202300000,1.6004746835443038,3.577202086171916,3.577202086171916,56552578,56552578,https://www.sedar.com/ModifyCompanyDocumentSearchForm.do?lang=EN&company_search=TMX Group Ltd&document_selection=0&industry_group=A&FromDate=13&FromMonth=05&FromYear=2000&ToDate=13&ToMonth=11&ToYear=2020&Variable=Issuer,https://www.sedar.com/ModifyCompanyDocumentSearchForm.do?lang=EN&company_search=TMX Group Ltd&document_selection=0&industry_group=A&FromDate=13&FromMonth=05&FromYear=2000&ToDate=13&ToMonth=11&ToYear=2020&Variable=Issuer
0,2017-09-30,X.TO,2017-09-30,2017-09-30,Q3,166100000,57600000,108500000,0.6532209512341962,0.0,21000000,0.0,0.0,0.0,92500000,6200000.0,13900000,89600000,0.5394340758579169,73600000,0.4184226369656833,900000.0,69500000,0.4184226369656833,17600000,51900000,0.3124623720650211,0.94,0.93,55343247,55738058,https://www.sedar.com/ModifyCompanyDocumentSearchForm.do?lang=EN&company_search=TMX Group Ltd&document_selection=0&industry_group=A&FromDate=13&FromMonth=05&FromYear=2000&ToDate=13&ToMonth=11&ToYear=2020&Variable=Issuer,https://www.sedar.com/ModifyCompanyDocumentSearchForm.do?lang=EN&company_search=TMX Group Ltd&document_selection=0&industry_group=A&FromDate=13&FromMonth=05&FromYear=2000&ToDate=13&ToMonth=11&ToYear=2020&Variable=Issuer
0,2017-06-30,X.TO,2017-06-30,2017-06-30,Q2,190300000,62900000,127400000,0.6694692590646348,0.0,21300000,0.0,0.0,0.0,98700000,7000000.0,14500000,107800000,0.5664739884393064,91600000,0.4534944823962165,1100000.0,86300000,0.4534944823962165,19800000,66500000,0.34944823962165,1.2,1.19,55305850,55785847,https://www.sedar.com/ModifyCompanyDocumentSearchForm.do?lang=EN&company_search=TMX Group Ltd&document_selection=0&industry_group=A&FromDate=13&FromMonth=05&FromYear=2000&ToDate=13&ToMonth=11&ToYear=2020&Variable=Issuer,https://www.sedar.com/ModifyCompanyDocumentSearchForm.do?lang=EN&company_search=TMX Group Ltd&document_selection=0&industry_group=A&FromDate=13&FromMonth=05&FromYear=2000&ToDate=13&ToMonth=11&ToYear=2020&Variable=Issuer
0,2017-03-31,X.TO,2017-03-31,2017-03-31,Q1,186100000,69500000,116600000,0.6265448683503493,0.0,20300000,0.0,0.0,0.0,104700000,7500000.0,14900000,98200000,0.5276732939279957,81400000,0.3815153143471252,-3500000.0,71000000,0.3815153143471252,23700000,47300000,0.25416442772702846,0.86,0.85,55121250,55617983,https://www.sedar.com/ModifyCompanyDocumentSearchForm.do?lang=EN&company_search=TMX Group Ltd&document_selection=0&industry_group=A&FromDate=13&FromMonth=05&FromYear=2000&ToDate=13&ToMonth=11&ToYear=2020&Variable=Issuer,https://www.sedar.com/ModifyCompanyDocumentSearchForm.do?lang=EN&company_search=TMX Group Ltd&document_selection=0&industry_group=A&FromDate=13&FromMonth=05&FromYear=2000&ToDate=13&ToMonth=11&ToYear=2020&Variable=Issuer
0,2016-12-31,X.TO,2016-12-31,2016-12-31,Q4,189400000,69100000,120300000,0.6351636747624076,0.0,20300000,0.0,-800000.0,0.0,104800000,7100000.0,15400000,100500000,0.5306230200633579,84600000,0.3648363252375924,-8800000.0,69100000,0.3648363252375924,16500000,52600000,0.27771911298838436,0.9301079077243835,0.9301079077243835,56552578,56552578,https://www.sedar.com/ModifyCompanyDocumentSearchForm.do?lang=EN&company_search=TMX Group Ltd&document_selection=0&industry_group=A&FromDate=13&FromMonth=05&FromYear=2000&ToDate=13&ToMonth=11&ToYear=2020&Variable=Issuer,https://www.sedar.com/ModifyCompanyDocumentSearchForm.do?lang=EN&company_search=TMX Group Ltd&document_selection=0&industry_group=A&FromDate=13&FromMonth=05&FromYear=2000&ToDate=13&ToMonth=11&ToYear=2020&Variable=Issuer
0,2016-09-30,X.TO,2016-09-30,2016-09-30,Q3,180300000,70600000,109700000,0.6084303937881309,0.0,19000000,0.0,400000.0,0.0,104300000,8600000.0,14700000,91800000,0.5091514143094842,76000000,0.2817526344980588,-17200000,50800000,0.2817526344980588,11600000,39200000,0.21741541874653356,0.72,0.72,54683749,54709719,https://www.sedar.com/ModifyCompanyDocumentSearchForm.do?lang=EN&company_search=TMX Group Ltd&document_selection=0&industry_group=A&FromDate=13&FromMonth=05&FromYear=2000&ToDate=13&ToMonth=11&ToYear=2020&Variable=Issuer,https://www.sedar.com/ModifyCompanyDocumentSearchForm.do?lang=EN&company_search=TMX Group Ltd&document_selection=0&industry_group=A&FromDate=13&FromMonth=05&FromYear=2000&ToDate=13&ToMonth=11&ToYear=2020&Variable=Issuer
0,2016-06-30,X.TO,2016-06-30,2016-06-30,Q2,194600000,68300000,126300000,0.6490236382322713,0.0,23100000,0.0,1000000.0,0.0,106900000,9400000.0,15500000,105700000,0.5431654676258992,87700000,0.40493319630010277,-100000.0,78800000,0.40493319630010277,20600000,58300000,0.29958890030832475,1.07,1.07,54417173,54425043,https://www.sedar.com/ModifyCompanyDocumentSearchForm.do?lang=EN&company_search=TMX Group Ltd&document_selection=0&industry_group=A&FromDate=13&FromMonth=05&FromYear=2000&ToDate=13&ToMonth=11&ToYear=2020&Variable=Issuer,https://www.sedar.com/ModifyCompanyDocumentSearchForm.do?lang=EN&company_search=TMX Group Ltd&document_selection=0&industry_group=A&FromDate=13&FromMonth=05&FromYear=2000&ToDate=13&ToMonth=11&ToYear=2020&Variable=Issuer
0,2016-03-31,X.TO,2016-03-31,2016-03-31,Q1,177700000,70600000,107100000,0.602701181767023,0.0,20500000,0.0,0.0,0.0,106700000,7800000.0,15600000,87500000,0.4924029262802476,71000000,0.353404614518852,-800000.0,62800000,0.353404614518852,17100000,46300000,0.2605514912774339,0.85,0.85,54392393,54398442,https://www.sedar.com/ModifyCompanyDocumentSearchForm.do?lang=EN&company_search=TMX Group Ltd&document_selection=0&industry_group=A&FromDate=13&FromMonth=05&FromYear=2000&ToDate=13&ToMonth=11&ToYear=2020&Variable=Issuer,https://www.sedar.com/ModifyCompanyDocumentSearchForm.do?lang=EN&company_search=TMX Group Ltd&document_selection=0&industry_group=A&FromDate=13&FromMonth=05&FromYear=2000&ToDate=13&ToMonth=11&ToYear=2020&Variable=Issuer
0,2015-12-31,X.TO,2015-12-31,2015-12-31,Q4,177100000,67800000,109300000,0.6171654432523997,0.0,17700000,0.0,0.0,0.0,102100000,6100000.0,16600000,89300000,0.5042348955392434,75000000,-0.9706380575945793,-237500000,-171900000,-0.9706380575945793,3000000.0,-159000000,-0.8977978543195935,-2.811542914984353,-2.811542914984353,56552578,56552578,https://www.sedar.com/ModifyCompanyDocumentSearchForm.do?lang=EN&company_search=TMX Group Ltd&document_selection=0&industry_group=A&FromDate=13&FromMonth=05&FromYear=2000&ToDate=13&ToMonth=11&ToYear=2020&Variable=Issuer,https://www.sedar.com/ModifyCompanyDocumentSearchForm.do?lang=EN&company_search=TMX Group Ltd&document_selection=0&industry_group=A&FromDate=13&FromMonth=05&FromYear=2000&ToDate=13&ToMonth=11&ToYear=2020&Variable=Issuer
0,2015-09-30,X.TO,2015-09-30,2015-09-30,Q3,175900000,74500000,101400000,0.5764638999431495,0.0,22000000,0.0,0.0,0.0,114000000,10300000,17500000,80700000,0.4587833996588971,61900000,0.3007390562819784,700000.0,52900000,0.3007390562819784,16100000,36500000,0.20750426378624218,0.67,0.67,54339450,54354915,https://www.sedar.com/ModifyCompanyDocumentSearchForm.do?lang=EN&company_search=TMX Group Ltd&document_selection=0&industry_group=A&FromDate=13&FromMonth=05&FromYear=2000&ToDate=13&ToMonth=11&ToYear=2020&Variable=Issuer,https://www.sedar.com/ModifyCompanyDocumentSearchForm.do?lang=EN&company_search=TMX Group Ltd&document_selection=0&industry_group=A&FromDate=13&FromMonth=05&FromYear=2000&ToDate=13&ToMonth=11&ToYear=2020&Variable=Issuer
0,2015-06-30,X.TO,2015-06-30,2015-06-30,Q2,178700000,74600000,104100000,0.5825405707890319,0.0,23500000,0.0,0.0,0.0,115500000,9200000.0,17400000,82300000,0.4605484051482932,63200000,0.2786793508673755,-4900000.0,49800000,0.2786793508673755,22500000,27600000,0.1544487968662563,0.51,0.51,54334302,54360059,https://www.sedar.com/ModifyCompanyDocumentSearchForm.do?lang=EN&company_search=TMX Group Ltd&document_selection=0&industry_group=A&FromDate=13&FromMonth=05&FromYear=2000&ToDate=13&ToMonth=11&ToYear=2020&Variable=Issuer,https://www.sedar.com/ModifyCompanyDocumentSearchForm.do?lang=EN&company_search=TMX Group Ltd&document_selection=0&industry_group=A&FromDate=13&FromMonth=05&FromYear=2000&ToDate=13&ToMonth=11&ToYear=2020&Variable=Issuer
0,2015-03-31,X.TO,2015-03-31,2015-03-31,Q1,185300000,79500000,105800000,0.5709660010793308,0.0,21000000,0.0,0.0,0.0,118000000,11100000,17500000,86300000,0.4657312466270912,67300000,0.3113869400971398,300000.0,57700000,0.3113869400971398,15400000,42600000,0.229897463572585,0.78,0.78,54322626,54365437,https://www.sedar.com/ModifyCompanyDocumentSearchForm.do?lang=EN&company_search=TMX Group Ltd&document_selection=0&industry_group=A&FromDate=13&FromMonth=05&FromYear=2000&ToDate=13&ToMonth=11&ToYear=2020&Variable=Issuer,https://www.sedar.com/ModifyCompanyDocumentSearchForm.do?lang=EN&company_search=TMX Group Ltd&document_selection=0&industry_group=A&FromDate=13&FromMonth=05&FromYear=2000&ToDate=13&ToMonth=11&ToYear=2020&Variable=Issuer
0,2014-12-31,X.TO,2014-12-31,2014-12-31,Q4,182700000,74500000,108200000,0.5922276956759716,0.0,23200000,0.0,0.0,0.0,115700000,8800000.0,18000000,85000000,0.4652435686918446,67000000,0.30487137383689106,-1600000.0,55700000,0.30487137383689106,14900000,41100000,0.22495894909688013,0.7267573195336913,0.7267573195336913,56552578,56552578,https://www.sedar.com/ModifyCompanyDocumentSearchForm.do?lang=EN&company_search=TMX Group Ltd&document_selection=0&industry_group=A&FromDate=13&FromMonth=05&FromYear=2000&ToDate=13&ToMonth=11&ToYear=2020&Variable=Issuer,https://www.sedar.com/ModifyCompanyDocumentSearchForm.do?lang=EN&company_search=TMX Group Ltd&document_selection=0&industry_group=A&FromDate=13&FromMonth=05&FromYear=2000&ToDate=13&ToMonth=11&ToYear=2020&Variable=Issuer
0,2014-09-30,X.TO,2014-09-30,2014-09-30,Q3,170200000,67700000,102500000,0.6022326674500588,0.0,22600000,0.0,0.0,0.0,107100000,10300000,16800000,81500000,0.4788484136310223,63100000,0.3196239717978848,700000.0,54400000,0.3196239717978848,15300000,39400000,0.23149236192714454,0.73,0.73,54302453,54334116,https://www.sedar.com/ModifyCompanyDocumentSearchForm.do?lang=EN&company_search=TMX Group Ltd&document_selection=0&industry_group=A&FromDate=13&FromMonth=05&FromYear=2000&ToDate=13&ToMonth=11&ToYear=2020&Variable=Issuer,https://www.sedar.com/ModifyCompanyDocumentSearchForm.do?lang=EN&company_search=TMX Group Ltd&document_selection=0&industry_group=A&FromDate=13&FromMonth=05&FromYear=2000&ToDate=13&ToMonth=11&ToYear=2020&Variable=Issuer
0,2014-06-30,X.TO,2014-06-30,2014-06-30,Q2,182300000,68900000,113400000,0.6220515633571037,0.0,24400000,0.0,0.0,0.0,111000000,10600000,17700000,87500000,0.4799780581459133,71300000,-0.42622051563357105,-136000000,-77700000,-0.42622051563357105,-5900000.0,-26400000,-0.14481623697202414,-0.49,-0.49,54208535,54258075,https://www.sedar.com/ModifyCompanyDocumentSearchForm.do?lang=EN&company_search=TMX Group Ltd&document_selection=0&industry_group=A&FromDate=13&FromMonth=05&FromYear=2000&ToDate=13&ToMonth=11&ToYear=2020&Variable=Issuer,https://www.sedar.com/ModifyCompanyDocumentSearchForm.do?lang=EN&company_search=TMX Group Ltd&document_selection=0&industry_group=A&FromDate=13&FromMonth=05&FromYear=2000&ToDate=13&ToMonth=11&ToYear=2020&Variable=Issuer
0,2014-03-31,X.TO,2014-03-31,2014-03-31,Q1,182100000,65700000,116400000,0.6392092257001647,0.0,21300000,0.0,0.0,0.0,104800000,11800000,17800000,96900000,0.5321252059308073,77300000,0.35090609555189456,-2600000.0,63900000,0.35090609555189456,17400000,46400000,0.25480505216913785,0.86,0.86,54145099,54219575,https://www.sedar.com/ModifyCompanyDocumentSearchForm.do?lang=EN&company_search=TMX Group Ltd&document_selection=0&industry_group=A&FromDate=13&FromMonth=05&FromYear=2000&ToDate=13&ToMonth=11&ToYear=2020&Variable=Issuer,https://www.sedar.com/ModifyCompanyDocumentSearchForm.do?lang=EN&company_search=TMX Group Ltd&document_selection=0&industry_group=A&FromDate=13&FromMonth=05&FromYear=2000&ToDate=13&ToMonth=11&ToYear=2020&Variable=Issuer
0,2013-12-31,X.TO,2013-12-31,2013-12-31,Q4,180700000,66800000,113900000,0.6303265080243498,0.0,24300000,0.0,0.0,0.0,109400000,11300000,18300000,90200000,0.4991698948533481,71300000,0.3215273934698395,-3000000.0,58100000,0.3215273934698395,16400000,41400000,0.22910902047592696,0.732062117486492,0.732062117486492,56552578,56552578,https://www.sedar.com/ModifyCompanyDocumentSearchForm.do?lang=EN&company_search=TMX Group Ltd&document_selection=0&industry_group=A&FromDate=13&FromMonth=05&FromYear=2000&ToDate=13&ToMonth=11&ToYear=2020&Variable=Issuer,https://www.sedar.com/ModifyCompanyDocumentSearchForm.do?lang=EN&company_search=TMX Group Ltd&document_selection=0&industry_group=A&FromDate=13&FromMonth=05&FromYear=2000&ToDate=13&ToMonth=11&ToYear=2020&Variable=Issuer
0,2013-09-30,X.TO,2013-09-30,2013-09-30,Q3,165300000,68500000,96800000,0.5856019358741682,0.0,19900000,0.0,0.0,0.0,106400000,16700000,18000000,62600000,0.37870538415003024,58900000,0.1512401693889897,-1700000.0,25000000,0.1512401693889897,6200000.0,19200000,0.1161524500907441,0.35,0.35,54087535,54141064,https://www.sedar.com/ModifyCompanyDocumentSearchForm.do?lang=EN&company_search=TMX Group Ltd&document_selection=0&industry_group=A&FromDate=13&FromMonth=05&FromYear=2000&ToDate=13&ToMonth=11&ToYear=2020&Variable=Issuer,https://www.sedar.com/ModifyCompanyDocumentSearchForm.do?lang=EN&company_search=TMX Group Ltd&document_selection=0&industry_group=A&FromDate=13&FromMonth=05&FromYear=2000&ToDate=13&ToMonth=11&ToYear=2020&Variable=Issuer
0,2013-06-30,X.TO,2013-06-30,2013-06-30,Q2,182300000,71400000,110900000,0.6083379045529347,0.0,25600000,0.0,0.0,0.0,115000000,16100000,18000000,87000000,0.47723532638507954,67300000,0.321996708721887,7000000.0,58700000,0.321996708721887,32900000,25500000,0.1398793198025233,0.47,0.47,54078739,54135173,https://www.sedar.com/ModifyCompanyDocumentSearchForm.do?lang=EN&company_search=TMX Group Ltd&document_selection=0&industry_group=A&FromDate=13&FromMonth=05&FromYear=2000&ToDate=13&ToMonth=11&ToYear=2020&Variable=Issuer,https://www.sedar.com/ModifyCompanyDocumentSearchForm.do?lang=EN&company_search=TMX Group Ltd&document_selection=0&industry_group=A&FromDate=13&FromMonth=05&FromYear=2000&ToDate=13&ToMonth=11&ToYear=2020&Variable=Issuer
0,2013-03-31,X.TO,2013-03-31,2013-03-31,Q1,172200000,72300000,99900000,0.5801393728222997,0.0,21400000,0.0,0.0,0.0,112000000,16500000,18300000,79800000,0.4634146341463415,60200000,0.24854819976771197,-1700000.0,42800000,0.24854819976771197,5400000.0,37800000,0.21951219512195122,0.7,0.7,53898130,54058684,https://www.sedar.com/ModifyCompanyDocumentSearchForm.do?lang=EN&company_search=TMX Group Ltd&document_selection=0&industry_group=A&FromDate=13&FromMonth=05&FromYear=2000&ToDate=13&ToMonth=11&ToYear=2020&Variable=Issuer,https://www.sedar.com/ModifyCompanyDocumentSearchForm.do?lang=EN&company_search=TMX Group Ltd&document_selection=0&industry_group=A&FromDate=13&FromMonth=05&FromYear=2000&ToDate=13&ToMonth=11&ToYear=2020&Variable=Issuer
0,2012-12-31,X.TO,2012-12-31,2012-12-31,Q4,181100000,109100000,72000000,0.39757040309221425,0.0,-23400000,0.0,0.0,0.0,105300000,17600000,0.0,85200000,0.47045831032578683,75800000,0.26670347874102707,-11000000,48300000,0.26670347874102707,13600000,32800000,0.18111540585311983,0.5799912428395395,0.5799912428395395,56552578,56552578,https://www.sedar.com/ModifyCompanyDocumentSearchForm.do?lang=EN&company_search=TMX Group Ltd&document_selection=0&industry_group=A&FromDate=13&FromMonth=05&FromYear=2000&ToDate=13&ToMonth=11&ToYear=2020&Variable=Issuer,https://www.sedar.com/ModifyCompanyDocumentSearchForm.do?lang=EN&company_search=TMX Group Ltd&document_selection=0&industry_group=A&FromDate=13&FromMonth=05&FromYear=2000&ToDate=13&ToMonth=11&ToYear=2020&Variable=Issuer
0,2012-09-30,X.TO,2012-09-30,2012-09-30,Q3,113400000,0.0,113400000,1.0,0.0,60100000,0.0,-4000000.0,0.0,73800000,10300000,0.0,51000000,0.4497354497354497,39600000,0.23368606701940034,-4300000.0,26500000,0.23368606701940034,7700000.0,15300000,0.1349206349206349,0.53,0.53,28757790,28816768,https://www.sedar.com/ModifyCompanyDocumentSearchForm.do?lang=EN&company_search=TMX Group Ltd&document_selection=0&industry_group=A&FromDate=13&FromMonth=05&FromYear=2000&ToDate=13&ToMonth=11&ToYear=2020&Variable=Issuer,https://www.sedar.com/ModifyCompanyDocumentSearchForm.do?lang=EN&company_search=TMX Group Ltd&document_selection=0&industry_group=A&FromDate=13&FromMonth=05&FromYear=2000&ToDate=13&ToMonth=11&ToYear=2020&Variable=Issuer
0,2012-06-30,X.TO,2012-06-30,2012-06-30,Q2,167500000,0.0,167500000,1.0,0.0,73300000,0.0,-200000.0,0.0,82300000,2300000.0,0.0,96600000,0.5767164179104478,85200000,-0.001791044776119403,-85800000,-300000.0,-0.001791044776119403,-9600000.0,1800000.0,0.010746268656716417,0.02,0.02,74693262,75013260,https://www.sedar.com/ModifyCompanyDocumentSearchForm.do?lang=EN&company_search=TMX Group Ltd&document_selection=0&industry_group=A&FromDate=13&FromMonth=05&FromYear=2000&ToDate=13&ToMonth=11&ToYear=2020&Variable=Issuer,https://www.sedar.com/ModifyCompanyDocumentSearchForm.do?lang=EN&company_search=TMX Group Ltd&document_selection=0&industry_group=A&FromDate=13&FromMonth=05&FromYear=2000&ToDate=13&ToMonth=11&ToYear=2020&Variable=Issuer
0,2012-03-31,X.TO,2012-03-31,2012-03-31,Q1,162300000,0.0,162300000,1.0,0.0,75200000,0.0,300000.0,0.0,83100000,2400000.0,0.0,89100000,0.5489833641404805,79200000,0.48552064078866297,300000.0,78800000,0.48552064078866297,20200000,56800000,0.34996919285274186,0.76,0.76,74662492,74930839,https://www.sedar.com/ModifyCompanyDocumentSearchForm.do?lang=EN&company_search=TMX Group Ltd&document_selection=0&industry_group=A&FromDate=13&FromMonth=05&FromYear=2000&ToDate=13&ToMonth=11&ToYear=2020&Variable=Issuer,https://www.sedar.com/ModifyCompanyDocumentSearchForm.do?lang=EN&company_search=TMX Group Ltd&document_selection=0&industry_group=A&FromDate=13&FromMonth=05&FromYear=2000&ToDate=13&ToMonth=11&ToYear=2020&Variable=Issuer
0,2011-12-31,X.TO,2011-12-31,2011-12-31,Q4,161700000,0.0,161700000,1.0,0.0,73400000,0.0,-35300000,0.0,80600000,2500000.0,0.0,85100000,0.5262832405689548,81100000,0.46629560915275203,-35500000,75400000,0.46629560915275203,21200000,52700000,0.3259121830550402,0.9318761737086504,0.9318761737086504,56552578,56552578,https://www.sedar.com/ModifyCompanyDocumentSearchForm.do?lang=EN&company_search=TMX Group Ltd&document_selection=0&industry_group=A&FromDate=13&FromMonth=05&FromYear=2000&ToDate=13&ToMonth=11&ToYear=2020&Variable=Issuer,https://www.sedar.com/ModifyCompanyDocumentSearchForm.do?lang=EN&company_search=TMX Group Ltd&document_selection=0&industry_group=A&FromDate=13&FromMonth=05&FromYear=2000&ToDate=13&ToMonth=11&ToYear=2020&Variable=Issuer
0,2011-09-30,X.TO,2011-09-30,2011-09-30,Q3,167800000,0.0,167800000,1.0,0.0,65000000,0.0,200000.0,0.0,72300000,2600000.0,0.0,104400000,0.6221692491060786,95500000,0.5631704410011918,200000.0,94500000,0.5631704410011918,24500000,67000000,0.399284862932062,0.9,0.9,74609961,74899440,https://www.sedar.com/ModifyCompanyDocumentSearchForm.do?lang=EN&company_search=TMX Group Ltd&document_selection=0&industry_group=A&FromDate=13&FromMonth=05&FromYear=2000&ToDate=13&ToMonth=11&ToYear=2020&Variable=Issuer,https://www.sedar.com/ModifyCompanyDocumentSearchForm.do?lang=EN&company_search=TMX Group Ltd&document_selection=0&industry_group=A&FromDate=13&FromMonth=05&FromYear=2000&ToDate=13&ToMonth=11&ToYear=2020&Variable=Issuer
0,2011-06-30,X.TO,2011-06-30,2011-06-30,Q2,169300000,0.0,169300000,1.0,0.0,64500000,0.0,100000.0,0.0,71500000,2400000.0,0.0,87100000,0.5144713526284702,97800000,0.45894861193148256,100000.0,77700000,0.45894861193148256,22600000,54700000,0.32309509746012993,0.73,0.73,74598103,74902980,https://www.sedar.com/ModifyCompanyDocumentSearchForm.do?lang=EN&company_search=TMX Group Ltd&document_selection=0&industry_group=A&FromDate=13&FromMonth=05&FromYear=2000&ToDate=13&ToMonth=11&ToYear=2020&Variable=Issuer,https://www.sedar.com/ModifyCompanyDocumentSearchForm.do?lang=EN&company_search=TMX Group Ltd&document_selection=0&industry_group=A&FromDate=13&FromMonth=05&FromYear=2000&ToDate=13&ToMonth=11&ToYear=2020&Variable=Issuer
0,2011-03-31,X.TO,2011-03-31,2011-03-31,Q1,174700000,0.0,174700000,1.0,0.0,70500000,0.0,-7900000.0,0.0,77100000,2000000.0,0.0,97400000,0.5575271894676589,97600000,0.5094447624499141,-7700000.0,89000000,0.5094447624499141,24700000,63100000,0.3611906124785346,0.85,0.84,74465825,74694888,https://www.sedar.com/ModifyCompanyDocumentSearchForm.do?lang=EN&company_search=TMX Group Ltd&document_selection=0&industry_group=A&FromDate=13&FromMonth=05&FromYear=2000&ToDate=13&ToMonth=11&ToYear=2020&Variable=Issuer,https://www.sedar.com/ModifyCompanyDocumentSearchForm.do?lang=EN&company_search=TMX Group Ltd&document_selection=0&industry_group=A&FromDate=13&FromMonth=05&FromYear=2000&ToDate=13&ToMonth=11&ToYear=2020&Variable=Issuer
0,2010-12-31,X.TO,2010-12-31,2010-12-31,Q4,151493000,0.0,151493000,1.0,0.0,67005000,0.0,0.0,0.0,74946000,2020000.0,0.0,83564000,0.5516030443650862,76547000,0.4870324041374849,-745000.0,73782000,0.4870324041374849,24139000,49057000,0.3238235430019869,0.8674582439018076,0.8674582439018076,56552578,56552578,https://www.sedar.com/ModifyCompanyDocumentSearchForm.do?lang=EN&company_search=TMX Group Ltd&document_selection=0&industry_group=A&FromDate=13&FromMonth=05&FromYear=2000&ToDate=13&ToMonth=11&ToYear=2020&Variable=Issuer,https://www.sedar.com/ModifyCompanyDocumentSearchForm.do?lang=EN&company_search=TMX Group Ltd&document_selection=0&industry_group=A&FromDate=13&FromMonth=05&FromYear=2000&ToDate=13&ToMonth=11&ToYear=2020&Variable=Issuer
0,2010-09-30,X.TO,2010-09-30,2010-09-30,Q3,141590000,0.0,141590000,1.0,0.0,60166000,0.0,2114000.0,0.0,68168000,1661000.0,0.0,83538000,0.5899992937354333,73422000,0.5242955010947101,2474000.0,74235000,0.5242955010947101,23100000,50798000,0.3587682745956635,0.68,0.68,74337607,74406802,https://www.sedar.com/ModifyCompanyDocumentSearchForm.do?lang=EN&company_search=TMX Group Ltd&document_selection=0&industry_group=A&FromDate=13&FromMonth=05&FromYear=2000&ToDate=13&ToMonth=11&ToYear=2020&Variable=Issuer,https://www.sedar.com/ModifyCompanyDocumentSearchForm.do?lang=EN&company_search=TMX Group Ltd&document_selection=0&industry_group=A&FromDate=13&FromMonth=05&FromYear=2000&ToDate=13&ToMonth=11&ToYear=2020&Variable=Issuer
0,2010-06-30,X.TO,2010-06-30,2010-06-30,Q2,142674000,0.0,142674000,1.0,0.0,65771000,0.0,1663000.0,0.0,73770000,1321000.0,0.0,78566000,0.5506679563200022,68904000,0.48738382606501535,1954000.0,69537000,0.48738382606501535,22379000,47598000,0.3336136927541108,0.64,0.64,74328025,74398996,https://www.sedar.com/ModifyCompanyDocumentSearchForm.do?lang=EN&company_search=TMX Group Ltd&document_selection=0&industry_group=A&FromDate=13&FromMonth=05&FromYear=2000&ToDate=13&ToMonth=11&ToYear=2020&Variable=Issuer,https://www.sedar.com/ModifyCompanyDocumentSearchForm.do?lang=EN&company_search=TMX Group Ltd&document_selection=0&industry_group=A&FromDate=13&FromMonth=05&FromYear=2000&ToDate=13&ToMonth=11&ToYear=2020&Variable=Issuer
0,2010-03-31,X.TO,2010-03-31,2010-03-31,Q1,139706000,0.0,139706000,1.0,0.0,61276000,0.0,697000.0,0.0,69641000,1203000.0,0.0,79127000,0.5663822598886232,70065000,0.49971368445163417,951000.0,69813000,0.49971368445163417,21123000,49082000,0.3513234936223212,0.66,0.66,74310141,74400694,https://www.sedar.com/ModifyCompanyDocumentSearchForm.do?lang=EN&company_search=TMX Group Ltd&document_selection=0&industry_group=A&FromDate=13&FromMonth=05&FromYear=2000&ToDate=13&ToMonth=11&ToYear=2020&Variable=Issuer,https://www.sedar.com/ModifyCompanyDocumentSearchForm.do?lang=EN&company_search=TMX Group Ltd&document_selection=0&industry_group=A&FromDate=13&FromMonth=05&FromYear=2000&ToDate=13&ToMonth=11&ToYear=2020&Variable=Issuer
0,2009-12-31,X.TO,2009-12-31,2009-12-31,Q4,152974000,0.0,152974000,1.0,0.0,57577000,0.0,-248000.0,0.0,67614000,1404000.0,0.0,18142000,0.11859531685122962,85360000,0.04380482957888269,-77255000,6701000.0,0.04380482957888269,34735000,-26837000,-0.17543504124883968,-0.47454954219770495,-0.47454954219770495,56552578,56552578,https://www.sedar.com/ModifyCompanyDocumentSearchForm.do?lang=EN&company_search=TMX Group Ltd&document_selection=0&industry_group=A&FromDate=13&FromMonth=05&FromYear=2000&ToDate=13&ToMonth=11&ToYear=2020&Variable=Issuer,https://www.sedar.com/ModifyCompanyDocumentSearchForm.do?lang=EN&company_search=TMX Group Ltd&document_selection=0&industry_group=A&FromDate=13&FromMonth=05&FromYear=2000&ToDate=13&ToMonth=11&ToYear=2020&Variable=Issuer
0,2009-09-30,X.TO,2009-09-30,2009-09-30,Q3,130243000,0.0,130243000,1.0,0.0,60762000,0.0,1280000.0,0.0,68369000,1279000.0,0.0,70727000,0.5430387813548521,61874000,0.47481246592907106,1246000.0,61841000,0.47481246592907106,19383000,41749000,0.32054697757269107,0.56,0.56,74298278,74486068,https://www.sedar.com/ModifyCompanyDocumentSearchForm.do?lang=EN&company_search=TMX Group Ltd&document_selection=0&industry_group=A&FromDate=13&FromMonth=05&FromYear=2000&ToDate=13&ToMonth=11&ToYear=2020&Variable=Issuer,https://www.sedar.com/ModifyCompanyDocumentSearchForm.do?lang=EN&company_search=TMX Group Ltd&document_selection=0&industry_group=A&FromDate=13&FromMonth=05&FromYear=2000&ToDate=13&ToMonth=11&ToYear=2020&Variable=Issuer
0,2009-06-30,X.TO,2009-06-30,2009-06-30,Q2,137582000,0.0,137582000,1.0,0.0,60808000,0.0,1523000.0,0.0,67629000,1307000.0,0.0,78297000,0.5690933406986379,69953000,0.5109970781061476,1658000.0,70304000,0.5109970781061476,22685000,46871000,0.34067683272521115,0.63,0.63,73997648,74151093,https://www.sedar.com/ModifyCompanyDocumentSearchForm.do?lang=EN&company_search=TMX Group Ltd&document_selection=0&industry_group=A&FromDate=13&FromMonth=05&FromYear=2000&ToDate=13&ToMonth=11&ToYear=2020&Variable=Issuer,https://www.sedar.com/ModifyCompanyDocumentSearchForm.do?lang=EN&company_search=TMX Group Ltd&document_selection=0&industry_group=A&FromDate=13&FromMonth=05&FromYear=2000&ToDate=13&ToMonth=11&ToYear=2020&Variable=Issuer
0,2009-03-31,X.TO,2009-03-31,2009-03-31,Q1,135809000,11155000,124654000,0.9178625864265255,0.0,50929000,0.0,654000.0,0.0,69813000,0.0,0.0,73725000,0.542857984375115,65996000,0.47596256507300694,725000.0,64640000,0.47596256507300694,20149000,42918000,0.3160173478929968,0.58,0.58,73922505,74089541,https://www.sedar.com/ModifyCompanyDocumentSearchForm.do?lang=EN&company_search=TMX Group Ltd&document_selection=0&industry_group=A&FromDate=13&FromMonth=05&FromYear=2000&ToDate=13&ToMonth=11&ToYear=2020&Variable=Issuer,https://www.sedar.com/ModifyCompanyDocumentSearchForm.do?lang=EN&company_search=TMX Group Ltd&document_selection=0&industry_group=A&FromDate=13&FromMonth=05&FromYear=2000&ToDate=13&ToMonth=11&ToYear=2020&Variable=Issuer
0,2008-12-31,X.TO,2008-12-31,2008-12-31,Q4,151395000,0.0,0.0,0.0,0.0,21478000,0.0,0.0,0.0,65914000,0.0,0.0,93563000,0.6180058786617788,85481000,0.484071468674659,-8742000.0,73286000,0.484071468674659,22881000,48584000,0.32090888074242874,0.8590943457962252,0.8590943457962252,56552578,56552578,https://www.sedar.com/ModifyCompanyDocumentSearchForm.do?lang=EN&company_search=TMX Group Ltd&document_selection=0&industry_group=A&FromDate=13&FromMonth=05&FromYear=2000&ToDate=13&ToMonth=11&ToYear=2020&Variable=Issuer,https://www.sedar.com/ModifyCompanyDocumentSearchForm.do?lang=EN&company_search=TMX Group Ltd&document_selection=0&industry_group=A&FromDate=13&FromMonth=05&FromYear=2000&ToDate=13&ToMonth=11&ToYear=2020&Variable=Issuer
0,2008-09-30,X.TO,2008-09-30,2008-09-30,Q3,139364000,0.0,0.0,0.0,0.0,55300000,0.0,0.0,0.0,62331000,0.0,0.0,84064000,0.6031973823943055,77033000,0.5464825923480956,3387000.0,76160000,0.5464825923480956,24765000,51395000,0.36878246893028327,0.66,0.66,77025461,77119217,https://www.sedar.com/ModifyCompanyDocumentSearchForm.do?lang=EN&company_search=TMX Group Ltd&document_selection=0&industry_group=A&FromDate=13&FromMonth=05&FromYear=2000&ToDate=13&ToMonth=11&ToYear=2020&Variable=Issuer,https://www.sedar.com/ModifyCompanyDocumentSearchForm.do?lang=EN&company_search=TMX Group Ltd&document_selection=0&industry_group=A&FromDate=13&FromMonth=05&FromYear=2000&ToDate=13&ToMonth=11&ToYear=2020&Variable=Issuer
0,2008-06-30,X.TO,2008-06-30,2008-06-30,Q2,130077000,8672000.0,121405000,0.933331795782498,0.0,39586000,0.0,3371000.0,-750000.0,53541000,0.0,0.0,83429000,0.6413816431805777,76536000,0.5819937421681004,2989000.0,75704000,0.5819937421681004,26477000,49227000,0.3784450748402869,0.65,0.65,75948133,76122180,https://www.sedar.com/ModifyCompanyDocumentSearchForm.do?lang=EN&company_search=TMX Group Ltd&document_selection=0&industry_group=A&FromDate=13&FromMonth=05&FromYear=2000&ToDate=13&ToMonth=11&ToYear=2020&Variable=Issuer,https://www.sedar.com/ModifyCompanyDocumentSearchForm.do?lang=EN&company_search=TMX Group Ltd&document_selection=0&industry_group=A&FromDate=13&FromMonth=05&FromYear=2000&ToDate=13&ToMonth=11&ToYear=2020&Variable=Issuer
0,2008-03-31,X.TO,2008-03-31,2008-03-31,Q1,112353000,7158000.0,105195000,0.936290085711997,0.0,33654000,0.0,-10706000,0.0,45006000,0.0,0.0,71541000,0.6367520226429201,67347000,0.5053002590051,-10575000,56772000,0.5053002590051,24026000,32746000,0.2914563919076482,0.49,0.49,66294636,66828979,https://www.sedar.com/ModifyCompanyDocumentSearchForm.do?lang=EN&company_search=TMX Group Ltd&document_selection=0&industry_group=A&FromDate=13&FromMonth=05&FromYear=2000&ToDate=13&ToMonth=11&ToYear=2020&Variable=Issuer,https://www.sedar.com/ModifyCompanyDocumentSearchForm.do?lang=EN&company_search=TMX Group Ltd&document_selection=0&industry_group=A&FromDate=13&FromMonth=05&FromYear=2000&ToDate=13&ToMonth=11&ToYear=2020&Variable=Issuer
0,2007-12-31,X.TO,2007-12-31,2007-12-31,Q4,111191000,0.0,0.0,0.0,0.0,16425000,0.0,0.0,0.0,47178000,0.0,0.0,68261000,0.613907600435287,64013000,0.6133500013490301,4186000.0,68199000,0.6133500013490301,37760000,30439000,0.2737541707512299,0.5382424829509983,0.5382424829509983,56552578,56552578,https://www.sedar.com/ModifyCompanyDocumentSearchForm.do?lang=EN&company_search=TMX Group Ltd&document_selection=0&industry_group=A&FromDate=13&FromMonth=05&FromYear=2000&ToDate=13&ToMonth=11&ToYear=2020&Variable=Issuer,https://www.sedar.com/ModifyCompanyDocumentSearchForm.do?lang=EN&company_search=TMX Group Ltd&document_selection=0&industry_group=A&FromDate=13&FromMonth=05&FromYear=2000&ToDate=13&ToMonth=11&ToYear=2020&Variable=Issuer
0,2007-09-30,X.TO,2007-09-30,2007-09-30,Q3,106127000,0.0,0.0,0.0,0.0,40294000,0.0,0.0,0.0,44372000,0.0,0.0,65833000,0.62032282077134,61755000,0.6276536602372629,4856000.0,66611000,0.6276536602372629,23929000,42682000,0.40217852195953907,0.63,0.62,68103741,68495979,https://www.sedar.com/ModifyCompanyDocumentSearchForm.do?lang=EN&company_search=TMX Group Ltd&document_selection=0&industry_group=A&FromDate=13&FromMonth=05&FromYear=2000&ToDate=13&ToMonth=11&ToYear=2020&Variable=Issuer,https://www.sedar.com/ModifyCompanyDocumentSearchForm.do?lang=EN&company_search=TMX Group Ltd&document_selection=0&industry_group=A&FromDate=13&FromMonth=05&FromYear=2000&ToDate=13&ToMonth=11&ToYear=2020&Variable=Issuer
0,2007-06-30,X.TO,2007-06-30,2007-06-30,Q2,106230000,6525000.0,99705000,0.9385766732561424,0.0,32786000,0.0,1256000.0,0.0,43082000,0.0,0.0,66919000,0.6299444601336722,63148000,0.6064670996893533,1277000.0,64425000,0.6064670996893533,25297000,39128000,0.36833286265650006,0.57,0.57,68614623,68974143,https://www.sedar.com/ModifyCompanyDocumentSearchForm.do?lang=EN&company_search=TMX Group Ltd&document_selection=0&industry_group=A&FromDate=13&FromMonth=05&FromYear=2000&ToDate=13&ToMonth=11&ToYear=2020&Variable=Issuer,https://www.sedar.com/ModifyCompanyDocumentSearchForm.do?lang=EN&company_search=TMX Group Ltd&document_selection=0&industry_group=A&FromDate=13&FromMonth=05&FromYear=2000&ToDate=13&ToMonth=11&ToYear=2020&Variable=Issuer
0,2007-03-31,X.TO,2007-03-31,2007-03-31,Q1,101176000,6601000.0,94575000,0.9347572546849056,0.0,36626000,0.0,3913000.0,0.0,46968000,0.0,0.0,57949000,0.572754408160038,54208000,0.5748596505100023,3954000.0,58162000,0.5748596505100023,21714000,36448000,0.3602435360164466,0.53,0.53,68516276,68516276,https://www.sedar.com/ModifyCompanyDocumentSearchForm.do?lang=EN&company_search=TMX Group Ltd&document_selection=0&industry_group=A&FromDate=13&FromMonth=05&FromYear=2000&ToDate=13&ToMonth=11&ToYear=2020&Variable=Issuer,https://www.sedar.com/ModifyCompanyDocumentSearchForm.do?lang=EN&company_search=TMX Group Ltd&document_selection=0&industry_group=A&FromDate=13&FromMonth=05&FromYear=2000&ToDate=13&ToMonth=11&ToYear=2020&Variable=Issuer
0,2006-12-31,X.TO,2006-12-31,2006-12-31,Q4,91025000,0.0,0.0,0.0,0.0,71211000,0.0,0.0,0.0,39286000,0.0,0.0,55476000,0.6094589398516891,51739000,0.6229277670969514,62639000,56702000,0.6229277670969514,21586000,35116000,0.3857841252403186,0.6209442830351607,0.6209442830351607,56552578,56552578,https://www.sedar.com/ModifyCompanyDocumentSearchForm.do?lang=EN&company_search=TMX Group Ltd&document_selection=0&industry_group=A&FromDate=13&FromMonth=05&FromYear=2000&ToDate=13&ToMonth=11&ToYear=2020&Variable=Issuer,https://www.sedar.com/ModifyCompanyDocumentSearchForm.do?lang=EN&company_search=TMX Group Ltd&document_selection=0&industry_group=A&FromDate=13&FromMonth=05&FromYear=2000&ToDate=13&ToMonth=11&ToYear=2020&Variable=Issuer
0,2006-09-30,X.TO,2006-09-30,2006-09-30,Q3,81197000,0.0,0.0,0.0,0.0,15532000,0.0,0.0,18945000,37658000,0.0,0.0,46720000,0.5753907164057785,43539000,0.5998866953212557,-13775000,48709000,0.5998866953212557,15492000,33217000,0.4090914688966341,0.49,0.48,68351231,68986758,https://www.sedar.com/ModifyCompanyDocumentSearchForm.do?lang=EN&company_search=TMX Group Ltd&document_selection=0&industry_group=A&FromDate=13&FromMonth=05&FromYear=2000&ToDate=13&ToMonth=11&ToYear=2020&Variable=Issuer,https://www.sedar.com/ModifyCompanyDocumentSearchForm.do?lang=EN&company_search=TMX Group Ltd&document_selection=0&industry_group=A&FromDate=13&FromMonth=05&FromYear=2000&ToDate=13&ToMonth=11&ToYear=2020&Variable=Issuer
0,2006-06-30,X.TO,2006-06-30,2006-06-30,Q2,92612000,0.0,0.0,0.0,0.0,31942000,0.0,0.0,0.0,35010000,0.0,0.0,60670000,0.6550986913143005,57602000,0.6452295598842482,2154000.0,59756000,0.6452295598842482,31292000,28464000,0.3073467801148879,0.42,0.41,68316493,68909304,https://www.sedar.com/ModifyCompanyDocumentSearchForm.do?lang=EN&company_search=TMX Group Ltd&document_selection=0&industry_group=A&FromDate=13&FromMonth=05&FromYear=2000&ToDate=13&ToMonth=11&ToYear=2020&Variable=Issuer,https://www.sedar.com/ModifyCompanyDocumentSearchForm.do?lang=EN&company_search=TMX Group Ltd&document_selection=0&industry_group=A&FromDate=13&FromMonth=05&FromYear=2000&ToDate=13&ToMonth=11&ToYear=2020&Variable=Issuer
0,2006-03-31,X.TO,2006-03-31,2006-03-31,Q1,88013000,5079000.0,82934000,0.9422926158635656,0.0,28201000,0.0,2185000.0,0.0,36342000,0.0,0.0,54733000,0.6218740413348028,51671000,0.6104439116948632,2056000.0,53727000,0.6104439116948632,19000000,34727000,0.3945667117357663,0.51,0.5,68208178,68993600,https://www.sedar.com/ModifyCompanyDocumentSearchForm.do?lang=EN&company_search=TMX Group Ltd&document_selection=0&industry_group=A&FromDate=13&FromMonth=05&FromYear=2000&ToDate=13&ToMonth=11&ToYear=2020&Variable=Issuer,https://www.sedar.com/ModifyCompanyDocumentSearchForm.do?lang=EN&company_search=TMX Group Ltd&document_selection=0&industry_group=A&FromDate=13&FromMonth=05&FromYear=2000&ToDate=13&ToMonth=11&ToYear=2020&Variable=Issuer
0,2005-12-31,X.TO,2005-12-31,2005-12-31,Q4,76264000,0.0,0.0,0.0,0.0,13296000,0.0,0.0,0.0,34694000,0.0,0.0,45525000,0.5969395783069338,41570000,0.5585728521976293,1029000.0,42599000,0.5585728521976293,14786000,27813000,0.3646936955837617,0.49180781820414976,0.49180781820414976,56552578,56552578,https://www.sedar.com/ModifyCompanyDocumentSearchForm.do?lang=EN&company_search=TMX Group Ltd&document_selection=0&industry_group=A&FromDate=13&FromMonth=05&FromYear=2000&ToDate=13&ToMonth=11&ToYear=2020&Variable=Issuer,https://www.sedar.com/ModifyCompanyDocumentSearchForm.do?lang=EN&company_search=TMX Group Ltd&document_selection=0&industry_group=A&FromDate=13&FromMonth=05&FromYear=2000&ToDate=13&ToMonth=11&ToYear=2020&Variable=Issuer
0,2005-09-30,X.TO,2005-09-30,2005-09-30,Q3,75333000,0.0,0.0,0.0,0.0,29935000,0.0,0.0,0.0,33120000,0.0,0.0,45398000,0.6026309850928544,42213000,0.5811530139513892,1567000.0,43780000,0.5811530139513892,15063000,28717000,0.38120080177345916,0.42,0.42,68063230,68717674,https://www.sedar.com/ModifyCompanyDocumentSearchForm.do?lang=EN&company_search=TMX Group Ltd&document_selection=0&industry_group=A&FromDate=13&FromMonth=05&FromYear=2000&ToDate=13&ToMonth=11&ToYear=2020&Variable=Issuer,https://www.sedar.com/ModifyCompanyDocumentSearchForm.do?lang=EN&company_search=TMX Group Ltd&document_selection=0&industry_group=A&FromDate=13&FromMonth=05&FromYear=2000&ToDate=13&ToMonth=11&ToYear=2020&Variable=Issuer
0,2005-06-30,X.TO,2005-06-30,2005-06-30,Q2,85003000,0.0,0.0,0.0,0.0,31349000,0.0,0.0,0.0,34556000,0.0,0.0,53654000,0.6312012517205275,50447000,0.6174370316341776,2037000.0,52484000,0.6174370316341776,19025000,33459000,0.3936214015975907,0.49,0.49,67809025,68369930,https://www.sedar.com/ModifyCompanyDocumentSearchForm.do?lang=EN&company_search=TMX Group Ltd&document_selection=0&industry_group=A&FromDate=13&FromMonth=05&FromYear=2000&ToDate=13&ToMonth=11&ToYear=2020&Variable=Issuer,https://www.sedar.com/ModifyCompanyDocumentSearchForm.do?lang=EN&company_search=TMX Group Ltd&document_selection=0&industry_group=A&FromDate=13&FromMonth=05&FromYear=2000&ToDate=13&ToMonth=11&ToYear=2020&Variable=Issuer
0,2005-03-31,X.TO,2005-03-31,2005-03-31,Q1,82077000,0.0,0.0,0.0,0.0,33692000,0.0,0.0,0.0,36822000,0.0,0.0,48385000,0.5895074137699965,45255000,0.5702571975096555,1550000.0,46805000,0.5702571975096555,16656000,30149000,0.36732580381836566,0.45,0.45,67906748,68488776,https://www.sedar.com/ModifyCompanyDocumentSearchForm.do?lang=EN&company_search=TMX Group Ltd&document_selection=0&industry_group=A&FromDate=13&FromMonth=05&FromYear=2000&ToDate=13&ToMonth=11&ToYear=2020&Variable=Issuer,https://www.sedar.com/ModifyCompanyDocumentSearchForm.do?lang=EN&company_search=TMX Group Ltd&document_selection=0&industry_group=A&FromDate=13&FromMonth=05&FromYear=2000&ToDate=13&ToMonth=11&ToYear=2020&Variable=Issuer
0,2004-12-31,X.TO,2004-12-31,2004-12-31,Q4,79190000,0.0,0.0,0.0,0.0,32508000,0.0,0.0,0.0,36282000,0.0,0.0,46682000,0.5894936229321884,42908000,0.5526707917666372,-511000.0,43766000,0.5526707917666372,16088000,27678000,0.34951382750347265,0.48942065912538946,0.48942065912538946,56552578,56552578,https://www.sedar.com/ModifyCompanyDocumentSearchForm.do?lang=EN&company_search=TMX Group Ltd&document_selection=0&industry_group=A&FromDate=13&FromMonth=05&FromYear=2000&ToDate=13&ToMonth=11&ToYear=2020&Variable=Issuer,https://www.sedar.com/ModifyCompanyDocumentSearchForm.do?lang=EN&company_search=TMX Group Ltd&document_selection=0&industry_group=A&FromDate=13&FromMonth=05&FromYear=2000&ToDate=13&ToMonth=11&ToYear=2020&Variable=Issuer
0,2004-09-30,X.TO,2004-09-30,2004-09-30,Q3,67701000,0.0,0.0,0.0,0.0,35726000,0.0,0.0,0.0,38985000,0.0,0.0,31975000,0.47229730727758823,28716000,0.4445429166482031,1606000.0,30096000,0.4445429166482031,10100000,19996000,0.29535752795379683,0.295,0.29,67723330,68364318,https://www.sedar.com/ModifyCompanyDocumentSearchForm.do?lang=EN&company_search=TMX Group Ltd&document_selection=0&industry_group=A&FromDate=13&FromMonth=05&FromYear=2000&ToDate=13&ToMonth=11&ToYear=2020&Variable=Issuer,https://www.sedar.com/ModifyCompanyDocumentSearchForm.do?lang=EN&company_search=TMX Group Ltd&document_selection=0&industry_group=A&FromDate=13&FromMonth=05&FromYear=2000&ToDate=13&ToMonth=11&ToYear=2020&Variable=Issuer
0,2004-06-30,X.TO,2004-06-30,2004-06-30,Q2,74285000,0.0,0.0,0.0,0.0,30946000,0.0,0.0,0.0,34113000,0.0,0.0,43339000,0.5834152251463957,40172000,0.5371878575755537,-267000.0,39905000,0.5371878575755537,15026000,24879000,0.33491283570034325,0.37,0.365,67693644,68444940,https://www.sedar.com/ModifyCompanyDocumentSearchForm.do?lang=EN&company_search=TMX Group Ltd&document_selection=0&industry_group=A&FromDate=13&FromMonth=05&FromYear=2000&ToDate=13&ToMonth=11&ToYear=2020&Variable=Issuer,https://www.sedar.com/ModifyCompanyDocumentSearchForm.do?lang=EN&company_search=TMX Group Ltd&document_selection=0&industry_group=A&FromDate=13&FromMonth=05&FromYear=2000&ToDate=13&ToMonth=11&ToYear=2020&Variable=Issuer
0,2004-03-31,X.TO,2004-03-31,2004-03-31,Q1,74377000,0.0,0.0,0.0,0.0,32375000,0.0,0.0,0.0,35151000,0.0,0.0,42002000,0.5647175874262205,39226000,0.5487852427497748,1591000.0,40817000,0.5487852427497748,14973000,25844000,0.3474730091291663,0.38,0.38,67595728,68380738,https://www.sedar.com/ModifyCompanyDocumentSearchForm.do?lang=EN&company_search=TMX Group Ltd&document_selection=0&industry_group=A&FromDate=13&FromMonth=05&FromYear=2000&ToDate=13&ToMonth=11&ToYear=2020&Variable=Issuer,https://www.sedar.com/ModifyCompanyDocumentSearchForm.do?lang=EN&company_search=TMX Group Ltd&document_selection=0&industry_group=A&FromDate=13&FromMonth=05&FromYear=2000&ToDate=13&ToMonth=11&ToYear=2020&Variable=Issuer
0,2003-12-31,X.TO,2003-12-31,2003-12-31,Q4,68902000,0.0,0.0,0.0,0.0,36301000,0.0,0.0,0.0,40778000,0.0,0.0,31043000,0.4505384459086819,28124000,0.42749121941307944,-227000.0,29455000,0.42749121941307944,2545000.0,26910000,0.39055470087951005,0.4758403763662198,0.4758403763662198,56552578,56552578,https://www.sedar.com/ModifyCompanyDocumentSearchForm.do?lang=EN&company_search=TMX Group Ltd&document_selection=0&industry_group=A&FromDate=13&FromMonth=05&FromYear=2000&ToDate=13&ToMonth=11&ToYear=2020&Variable=Issuer,https://www.sedar.com/ModifyCompanyDocumentSearchForm.do?lang=EN&company_search=TMX Group Ltd&document_selection=0&industry_group=A&FromDate=13&FromMonth=05&FromYear=2000&ToDate=13&ToMonth=11&ToYear=2020&Variable=Issuer
0,2003-09-30,X.TO,2003-09-30,2003-09-30,Q3,58989000,0.0,0.0,0.0,0.0,28909000,0.0,0.0,-452000.0,31324000,0.0,0.0,30532000,0.5175880248859956,27665000,0.5109766227601756,2929000.0,30142000,0.5109766227601756,11259000,18883000,0.3201105290816932,0.28,0.28,67500182,67939890,https://www.sedar.com/ModifyCompanyDocumentSearchForm.do?lang=EN&company_search=TMX Group Ltd&document_selection=0&industry_group=A&FromDate=13&FromMonth=05&FromYear=2000&ToDate=13&ToMonth=11&ToYear=2020&Variable=Issuer,https://www.sedar.com/ModifyCompanyDocumentSearchForm.do?lang=EN&company_search=TMX Group Ltd&document_selection=0&industry_group=A&FromDate=13&FromMonth=05&FromYear=2000&ToDate=13&ToMonth=11&ToYear=2020&Variable=Issuer
0,2003-06-30,X.TO,2003-06-30,2003-06-30,Q2,52361000,0.0,0.0,0.0,0.0,29008000,0.0,0.0,-452000.0,31305000,0.0,0.0,23805000,0.45463226447164873,21056000,0.49078512633448557,5094000.0,25698000,0.49078512633448557,9500000.0,16198000,0.30935238058860604,0.24,0.235,67500182,68943146,https://www.sedar.com/ModifyCompanyDocumentSearchForm.do?lang=EN&company_search=TMX Group Ltd&document_selection=0&industry_group=A&FromDate=13&FromMonth=05&FromYear=2000&ToDate=13&ToMonth=11&ToYear=2020&Variable=Issuer,https://www.sedar.com/ModifyCompanyDocumentSearchForm.do?lang=EN&company_search=TMX Group Ltd&document_selection=0&industry_group=A&FromDate=13&FromMonth=05&FromYear=2000&ToDate=13&ToMonth=11&ToYear=2020&Variable=Issuer
0,2003-03-31,X.TO,2003-03-31,2003-03-31,Q1,54082000,0.0,0.0,0.0,0.0,29531000,0.0,0.0,0.0,32245000,0.0,0.0,24551000,0.4539588032986946,21837000,0.4133722865278651,519000.0,22356000,0.4133722865278651,7994000.0,14362000,0.26555970563218817,0.215,0.215,68957012,68957012,https://www.sedar.com/ModifyCompanyDocumentSearchForm.do?lang=EN&company_search=TMX Group Ltd&document_selection=0&industry_group=A&FromDate=13&FromMonth=05&FromYear=2000&ToDate=13&ToMonth=11&ToYear=2020&Variable=Issuer,https://www.sedar.com/ModifyCompanyDocumentSearchForm.do?lang=EN&company_search=TMX Group Ltd&document_selection=0&industry_group=A&FromDate=13&FromMonth=05&FromYear=2000&ToDate=13&ToMonth=11&ToYear=2020&Variable=Issuer
