,date,symbol,fillingDate,acceptedDate,period,revenue,costOfRevenue,grossProfit,grossProfitRatio,researchAndDevelopmentExpenses,generalAndAdministrativeExpenses,sellingAndMarketingExpenses,otherExpenses,operatingExpenses,costAndExpenses,interestExpense,depreciationAndAmortization,ebitda,ebitdaratio,operatingIncome,operatingIncomeRatio,totalOtherIncomeExpensesNet,incomeBeforeTax,incomeBeforeTaxRatio,incomeTaxExpense,netIncome,netIncomeRatio,eps,epsdiluted,weightedAverageShsOut,weightedAverageShsOutDil,link,finalLink
0,2020-06-30,RVT,,,Q1,12954490,7669360.0,5285130.0,0.407977,0.0,727530.0,0.0,72880.0,800410.0000000003,8469770.0,-161961560,0.0,-319438400,-24.658508,4484720.0,0.34619,0.0,-157476840,-12.156159,0.0,-157476840,-12.156159,-1.56738,-1.56738,100471690,100471690,,
0,2019-12-31,RVT,,,Q4,10522230,6153460.0,4368770.0,0.415194,0.0,0.0,0.0,-32450.0,-32449.99999999987,6121010.0,129802830,0.0,264006890,25.090393,4401220.0,0.418278,0.0,134204060,12.754336,0.0,134204060,12.754336,1.34516,1.34516,99767940,99767940,,
0,2019-06-30,RVT,,,Q3,11369380,4778040.0,6591340.0,0.579745,0.0,501410.0,0.0,80280.0,581690.0,5359730.0,244321970,0.0,494653590,43.507525,6009650.0,0.528582,0.0,250331620,22.018054,0.0,250331620,22.018054,2.58961,2.58961,96667730,96667730,,
0,2018-12-31,RVT,,,Q2,9263110.0,4094370.0,5168740.0,0.557992,0.0,471510.0,0.0,65240.0,536740.0,4631110.0,-262705480,0.0,-520778960,-56.220747,4632000.0,0.500048,0.0,-258073480,-27.860349,0.0,-258073480,-27.860349,-2.47901,-2.47901,104103320,104103320,,
0,2018-06-30,RVT,,,Q1,0.0,0.0,0.0,0.0,0.0,0.0,0.0,0.0,0.0,0.0,0.0,0.0,0.0,0.0,0.0,0.0,0.0,0.0,0.0,0.0,0.0,0.0,0.0,0.0,0.0,0.0,,
0,2017-12-31,RVT,,,Q4,11577500,4167410.0,7410090.0,0.640042,0.0,381440.0,0.0,51360.0,432799.9999999994,4600209.999999999,142208600,0.0,291394490,25.169034,6977290.0,0.602659,0.0,149185890,12.885847,0.0,149185890,12.885847,1.73337,1.73337,86067020,86067020,,
0,2017-06-30,RVT,,,Q3,8345410.0,3953250.0,4392160.0,0.526296,0.0,351820.0,0.0,47940.0,399769.99999999977,4353020.0,85871390,0.0,175735170,21.057704,3992390.0,0.478394,0.0,89863780,10.768049,0.0,89863780,10.768049,1.08128,1.08128,83108430,83108430,,
0,2016-12-31,RVT,,,Q2,9650000.0,3780000.0,5870000.0,0.60829,0.0,340000.0,0.0,70000.0,420000.0000000004,4200000.0,183730000,0.0,372920000,38.64456,5460000.0,0.565803,0.0,189190000,19.605181,0.0,189190000,19.605181,2.27638,2.27638,83110000,83110000,,
0,2016-06-30,RVT,,,Q1,8370000.0,3730000.0,4640000.0,0.554361,0.0,340000.0,0.0,80000.0,420000.0000000004,4150000.0000000005,78490000,0.0,161200000,19.259259,4220000.0,0.504182,0.0,82710000,9.88172,0.0,82710000,9.88172,1.02771,1.02771,80480000,80480000,,
0,2015-12-31,RVT,,,Q4,8090000.0,3710000.0,4380000.0,0.541409,0.0,330000.0,0.0,70000.0,389999.9999999997,4099999.9999999995,-126680000,0.0,-249370000,-30.824475,3990000.0,0.493201,0.0,-122690000,-15.165637,0.0,-122690000,-15.165637,-1.5175,-1.5175,80850000,80850000,,
0,2015-06-30,RVT,,,Q3,9180000.0,3610000.0,5570000.0,0.606754,0.0,300000.0,0.0,70000.0,360000.0000000003,3970000.0000000005,12360000,0.0,29930000,3.260349,5210000.0,0.567538,0.0,17570000,1.913943,0.0,17570000,1.913943,0.22744,0.22744,77250000,77250000,,
0,2014-12-31,RVT,,,Q2,9000000.0,3460000.0,5540000.0,0.615556,0.0,270000.0,0.0,60000.0,319999.9999999998,3780000.0,-40610000,0.0,-76010000,-8.445556,5220000.0,0.58,0.0,-35400000,-3.933333,0.0,-35400000,-3.933333,-0.45078,-0.45078,78530000,78530000,,
0,2014-06-30,RVT,,,Q1,7890000.0,3610000.0,4270000.0,0.541191,0.0,300000.0,0.0,60000.0,370000.0000000001,3980000.0,31080000,0.0,66070000,8.373891,3910000.0,0.495564,0.0,34990000,4.434728,0.0,34990000,4.434728,0.47794,0.47794,73210000,73210000,,
0,2013-12-31,RVT,,,Q4,10030000,4770000.0,5250000.0,0.52343,0.0,310000.0,0.0,210000.0,530000.0000000002,5300000.0,234070000,0.0,472870000,47.145563,4720000.0,0.470588,0.0,238800000,23.808574,0.0,238800000,23.808574,3.27887,3.27887,72830000,72830000,,
0,2013-06-30,RVT,,,Q3,8200000.0,4030000.0,4180000.0,0.509756,0.0,270000.0,0.0,70000.0,330000.00000000006,4360000.0,128540000,0.0,260920000,31.819512,3840000.0,0.468293,0.0,132380000,16.143902,0.0,132380000,16.143902,1.86136,1.86136,71120000,71120000,,
0,2012-12-31,RVT,,,Q2,13940000,3470000.0,10470000,0.751076,0.0,290000.0,0.0,50000.0,339999.9999999999,3810000.0,99960000,0.0,210050000,15.068149,10130000,0.726686,-20000.0,110090000,7.897418,0.0,110090000,7.897418,1.54231,1.54231,71380000,71380000,,
0,2012-06-30,RVT,,,Q1,9600000.0,3240000.0,6360000.0,0.6625,0.0,270000.0,0.0,20000.0,289999.9999999996,3529999.9999999995,38640000,0.0,83360000,8.683333,6080000.0,0.633333,-30000.0,44720000,4.658333,0.0,44720000,4.658333,0.64652,0.64652,69170000,69170000,,
0,2011-12-31,RVT,,,Q4,8680000.0,3610000.0,5070000.0,0.584101,0.0,270000.0,0.0,110000.0,380000.00000000035,3990000.0000000005,-205920000,0.0,-371000000,-42.741935,4690000.0,0.540323,0.0,-165080000,-19.018433,0.0,-165080000,-19.018433,-2.37936,-2.37936,69380000,69380000,,
0,2011-06-30,RVT,,,Q3,8580000.0,6210000.0,2360000.0,0.275058,0.0,250000.0,0.0,60000.0,309999.9999999996,6520000.0,61810000,0.0,125670000,14.646853,2050000.0,0.238928,0.0,63860000,7.44289,0.0,63860000,7.44289,0.95356,0.95356,66970000,66970000,,
0,2010-12-31,RVT,,,Q2,9930000.0,1220000.0,8710000.0,0.87714,0.0,290000.0,0.0,50000.0,340000.0000000001,1560000.0,280880000,0.0,570130000,57.414904,8370000.0,0.8429,0.0,289250000,29.128902,0.0,289250000,29.128902,4.37132,4.37132,66170000,66170000,,
0,2010-06-30,RVT,,,Q1,7720000.0,260000.0,7460000.0,0.966321,0.0,190000.0,0.0,70000.0,270000.0,530000.0,-26360000,0.0,-45530000,-5.897668,7190000.0,0.931347,0.0,-19170000,-2.483161,0.0,-19170000,-2.483161,-0.29037,-0.29037,66020000,66020000,,
0,2009-12-31,RVT,,,Q4,6240000.0,200000.0,6040000.0,0.967949,0.0,330000.0,0.0,0.0,340000.0,540000.0,189640000,0.0,389230000,62.376603,5710000.0,0.915064,0.0,199590000,31.985577,0.0,199590000,31.985577,3.02317,3.02317,66020000,66020000,,
0,2009-06-30,RVT,,,Q3,5980000.0,190000.0,5790000.0,0.968227,0.0,360000.0,0.0,0.0,360000.00000000006,550000.0,148100000,0.0,218640000,36.561873,5430000.0,0.908027,0.0,70540000,11.795987,0.0,70540000,11.795987,1.06846,1.06846,66020000,66020000,,
0,2008-12-31,RVT,,,Q2,10810000,3200000.0,7610000.0,0.703978,0.0,340000.0,0.0,0.0,339999.9999999999,3540000.0,-391470000,0.0,-775680000,-71.755782,7260000.0,0.6716,0.0,-384210000,-35.542091,0.0,-384210000,-35.542091,-5.73619,-5.73619,66980000,66980000,,
0,2008-06-30,RVT,,,Q1,11120000,9160000.0,1960000.0,0.176259,0.0,370000.0,0.0,0.0,359999.9999999994,9520000.0,-134470000,0.0,-267350000,-24.042266,1600000.0,0.143885,0.0,-132880000,-11.94964,0.0,-132880000,-11.94964,-2.15086,-2.15086,61780000,61780000,,
0,2007-12-31,RVT,,,Q4,11170000,9050000.0,2130000.0,0.190689,0.0,280000.0,0.0,-10000.0,269999.9999999996,9320000.0,-53100000,0.0,-104320000,-9.339302,1850000.0,0.165622,-10000.0,-51220000,-4.585497,0.0,-51220000,-4.585497,-0.85352,-0.85352,60010000,60010000,,
0,2007-06-30,RVT,,,Q3,11050000,7290000.0,3760000.0,0.340271,0.0,380000.0,0.0,-60000.0,320000.0000000003,7610000.0,113220000,0.0,235200000,21.285068,3440000.0,0.311312,-60000.0,121980000,11.038914,0.0,121980000,11.038914,2.08513,2.08513,58500000,58500000,,
0,2006-12-31,RVT,,,Q2,11140000,6960000.0,4180000.0,0.375224,0.0,270000.0,0.0,0.0,270000.00000000047,7230000.0,101090000,0.0,206300000,18.518851,3910000.0,0.350987,0.0,105210000,9.444345,0.0,105210000,9.444345,1.79539,1.79539,58600000,58600000,,
0,2006-06-30,RVT,,,Q1,10300000,6840000.0,3470000.0,0.336893,0.0,390000.0,0.0,0.0,379999.9999999999,7220000.0,101910000,0.0,206900000,20.087379,3080000.0,0.299029,0.0,104990000,10.193204,0.0,104990000,10.193204,1.8775,1.8775,55920000,55920000,,
0,2005-12-31,RVT,,,Q4,8550000.0,6880000.0,1670000.0,0.195322,0.0,300000.0,0.0,0.0,299999.9999999998,7180000.0,29590000,0.0,137320000,16.060819,1380000.0,0.161404,0.0,107730000,12.6,0.0,107730000,12.6,1.87129,1.87129,57570000,57570000,,
0,2005-06-30,RVT,,,Q3,6270000.0,6930000.0,-650000.0,-0.103668,0.0,400000.0,0.0,0.0,400000.00000000035,7330000.0,-39970000,0.0,-53180000,-8.481659,-1050000.0,-0.167464,0.0,-13210000,-2.106858,0.0,-13210000,-2.106858,-0.25477,-0.25477,51850000,51850000,,
0,2004-12-31,RVT,,,Q2,5230000.0,6630000.0,-1400000.0,-0.267686,0.0,310000.0,0.0,0.0,310000.0000000005,6940000.000000001,26540000,0.0,130770000,25.003824,-1710000.0,-0.32696,0.0,104230000,19.929254,0.0,104230000,19.929254,1.94025,1.94025,53720000,53720000,,
0,2004-06-30,RVT,,,Q1,3850000.0,6280000.0,-2440000.0,-0.633766,0.0,310000.0,0.0,0.0,309999.9999999996,6590000.0,68350000,0.0,155410000,40.366234,-2750000.0,-0.714286,0.0,87060000,22.612987,0.0,87060000,22.612987,1.70338,1.70338,51110000,51110000,,
0,2003-12-31,RVT,,,Q4,4390000.0,5950000.0,-1550000.0,-0.353075,0.0,300000.0,0.0,0.0,290000.00000000006,6240000.0,180270000,0.0,358940000,81.763098,-1850000.0,-0.421412,250000.0,178670000,40.699317,0.0,178670000,40.699317,3.49716,3.49716,51090000,51090000,,
0,2003-06-30,RVT,,,Q3,3480000.0,4690000.0,-1210000.0,-0.347701,0.0,300000.0,0.0,0.0,299999.9999999998,4990000.0,103000000,0.0,205110000,58.939655,-1510000.0,-0.433908,620000.0,102110000,29.341954,0.0,102110000,29.341954,2.09156,2.09156,48820000,48820000,,
0,2002-12-31,RVT,,,Q2,5230000.0,5630000.0,-400000.0,-0.076482,0.0,340000.0,0.0,0.0,339999.9999999999,5970000.0,-100010000,0.0,-200100000,-38.260038,-740000.0,-0.141491,670000.0,-100090000,-19.137667,0.0,-100090000,-19.137667,-2.28307,-2.28307,43840000,43840000,,
0,2002-06-30,RVT,,,Q1,5220000.0,5450000.0,-230000.0,-0.044061,0.0,280000.0,0.0,0.0,280000.00000000023,5730000.0,6560000.0,0.0,12620000,2.417625,-510000.0,-0.097701,0.0,6060000.0,1.16092,0.0,6060000.0,1.16092,0.1478,0.1478,41000000,41000000,,
0,2001-12-31,RVT,,,Q4,5920000.0,5130000.0,790000.0,0.133446,0.0,320000.0,0.0,0.0,320000.0000000003,5450000.0,1730000.0,0.0,4100000.0,0.692568,470000.0,0.079392,170000.0,2370000.0,0.400338,0.0,2370000.0,0.400338,0.05992,0.05992,39550000,39550000,,
0,2001-06-30,RVT,,,Q3,6800000.0,4910000.0,1900000.0,0.279412,0.0,370000.0,0.0,0.0,370000.0000000001,5280000.0,98430000,0.0,198460000,29.185294,1530000.0,0.225,80000.0,100030000,14.710294,0.0,100030000,14.710294,2.60971,2.60971,38330000,38330000,,
0,2000-12-31,RVT,,,Q2,7940000.0,4580000.0,3350000.0,0.421914,0.0,310000.0,0.0,0.0,309999.9999999996,4890000.0,0.0,0.0,52310000,6.588161,3050000.0,0.384131,210000.0,52310000,6.588161,0.0,52310000,6.588161,1.41877,1.41877,36870000,36870000,,
0,2000-06-30,RVT,,,Q1,7360000.0,3620000.0,3730000.0,0.506793,0.0,370000.0,0.0,0.0,370000.0000000001,3990000.0,0.0,0.0,47650000,6.474185,3360000.0,0.456522,300000.0,47650000,6.474185,0.0,47650000,6.474185,1.33999,1.33999,35560000,35560000,,
0,1999-12-31,RVT,,,Q4,7530000.0,3440000.0,4090000.0,0.543161,0.0,420000.0,0.0,0.0,419999.99999999994,3860000.0,0.0,0.0,38160000,5.067729,3660000.0,0.486056,260000.0,38160000,5.067729,0.0,38160000,5.067729,1.06921,1.06921,35690000,35690000,,
0,1999-06-30,RVT,,,Q3,6740000.0,3120000.0,3620000.0,0.537092,0.0,420000.0,0.0,0.0,419999.99999999994,3540000.0,0.0,0.0,28290000,4.197329,3200000.0,0.474777,190000.0,28290000,4.197329,0.0,28290000,4.197329,0.83476,0.83476,33890000,33890000,,
0,1998-12-31,RVT,,,Q2,6900000.0,3700000.0,3200000.0,0.463768,0.0,120000.0,0.0,0.0,119999.99999999967,3819999.9999999995,0.0,0.0,-23010000,-3.334783,3080000.0,0.446377,120000.0,-23010000,-3.334783,0.0,-23010000,-3.334783,-0.67104,-0.67104,34290000,34290000,,
0,1998-06-30,RVT,,,Q1,5620000.0,2640000.0,2980000.0,0.530249,0.0,470000.0,0.0,0.0,469999.99999999977,3109999.9999999995,0.0,0.0,50390000,8.966192,2510000.0,0.446619,10000.0,50390000,8.966192,0.0,50390000,8.966192,1.63022,1.63022,30910000,30910000,,
0,1997-12-31,RVT,,,Q4,6220000.0,1030000.0,5200000.0,0.836013,0.0,1410000.0,0.0,0.0,1410000.0,2440000.0,0.0,0.0,59240000,9.524116,3790000.0,0.609325,80000.0,59240000,9.524116,0.0,59240000,9.524116,2.09996,2.09996,28210000,28210000,,
0,1997-06-30,RVT,,,Q3,5400000.0,920000.0,4470000.0,0.827778,0.0,1640000.0,0.0,0.0,1640000.0,2560000.0,0.0,0.0,57280000,10.607407,2840000.0,0.525926,0.0,57280000,10.607407,0.0,57280000,10.607407,1.9603,1.9603,29220000,29220000,,
0,1996-12-31,RVT,,,Q2,5300000.0,830000.0,4470000.0,0.843396,0.0,1510000.0,0.0,0.0,1509999.9999999998,2340000.0,0.0,0.0,31430000,5.930189,2960000.0,0.558491,0.0,31430000,5.930189,0.0,31430000,5.930189,1.26428,1.26428,24860000,24860000,,
0,1996-06-30,RVT,,,Q1,3860000.0,770000.0,3090000.0,0.800518,0.0,1490000.0,0.0,0.0,1489999.9999999998,2260000.0,0.0,0.0,25460000,6.595855,1600000.0,0.414508,0.0,25460000,6.595855,0.0,25460000,6.595855,0.91583,0.91583,27800000,27800000,,
0,1995-12-31,RVT,,,Q4,3800000.0,1540000.0,2250000.0,0.592105,0.0,1560000.0,0.0,0.0,1560000.0,3100000.0,0.0,0.0,26310000,6.923684,700000.0,0.184211,0.0,26310000,6.923684,0.0,26310000,6.923684,1.10361,1.10361,23840000,23840000,,
0,1995-06-30,RVT,,,Q3,3360000.0,1640000.0,1720000.0,0.511905,0.0,1390000.0,0.0,0.0,1390000.0,3030000.0,0.0,0.0,36330000,10.8125,340000.0,0.10119,0.0,36330000,10.8125,0.0,36330000,10.8125,1.65966,1.65966,21890000,21890000,,
