,date,symbol,fillingDate,acceptedDate,period,revenue,costOfRevenue,grossProfit,grossProfitRatio,researchAndDevelopmentExpenses,generalAndAdministrativeExpenses,sellingAndMarketingExpenses,otherExpenses,operatingExpenses,costAndExpenses,interestExpense,depreciationAndAmortization,ebitda,ebitdaratio,operatingIncome,operatingIncomeRatio,totalOtherIncomeExpensesNet,incomeBeforeTax,incomeBeforeTaxRatio,incomeTaxExpense,netIncome,netIncomeRatio,eps,epsdiluted,weightedAverageShsOut,weightedAverageShsOutDil,link,finalLink
0,2020-09-30,HFBL,2020-11-12,2020-11-12 16:49:33,Q1,4984000.0,0.0,4984000.0,1.0,0.0,0.0,0.0,184000.0,0.0,0.0,-997000.0,44000.0,1614000.0,0.3238362760834671,1570000.0,0.315008025682183,13000.0,1570000.0,0.315008025682183,323000.0,1247000.0,0.25020064205457465,0.7337279499158595,0.7337279499158595,1699540.0,1699540.0,https://www.sec.gov/Archives/edgar/data/1500375/000092708920000531/0000927089-20-000531-index.htm,https://www.sec.gov/Archives/edgar/data/1500375/000092708920000531/form10q.htm
0,2020-06-30,HFBL,2020-09-29,2020-09-29 16:58:15,Q4,5021000.0,0.0,5021000.0,1.0,0.0,3716000.0,0.0,240000.0,4798000.0,0.0,1082000.0,166000.00000000003,2553000.0,0.2866328916601715,1305000.0,0.25428682774746686,14000.0,1305000.0,0.25428682774746686,267000.0,1038000.0,0.20226032735775526,0.61075,0.61075,1699540.0,1699540.0,https://www.sec.gov/Archives/edgar/data/1500375/000092708920000467/0000927089-20-000467-index.htm,https://www.sec.gov/Archives/edgar/data/1500375/000092708920000467/form10k.htm
0,2020-05-12,HFBL,2020-05-13,2020-05-13 17:03:00,Q3,-7588000.0,0.0,7588000.0,-1.0,-291000.0,-3696000.0,0.0,560000.0,-3987000.0,-3987000.0,-2742000.0,-348000.0,-2609000.0,0.343832366895,-2261000.0,0.297970479705,28000.0,-2261000.0,0.297970479705,-426000.0,-1835000.0,0.241829204006,-0.15167,-0.15167,12099000,12099000,https://www.sec.gov/Archives/edgar/data/1500375/000092708920000306/0000927089-20-000306-index.htm,https://www.sec.gov/Archives/edgar/data/1500375/000092708920000306/form10q.htm
0,2020-03-31,HFBL,2020-05-13 00:00:00,2020-05-13 17:03:00,Q3,4590000.0,1331000.0,4590000.0,1.0,0.0,3349000.0,0.0,0.0,4680000.0,0.0,1331000.0,163999.99999999997,2736000.0,0.0,1241000.0,0.0,0.0,1241000.0,0.0,264000.0,977000.0,0.0,0.54127,0.54127,1805000.0,1805000.0,https://www.sec.gov/Archives/edgar/data/1500375/000092708920000306/0000927089-20-000306-index.htm,https://www.sec.gov/Archives/edgar/data/1500375/000092708920000306/form10q.htm
0,2019-12-31,HFBL,2020-02-13 00:00:00,2020-02-13 15:17:52,Q2,4692000.0,1387000.0,4692000.0,1.0,0.0,3957000.0,0.0,0.0,5344000.0,2021000.0,1387000.0,162000.0,2284000.0,0.242713301537,735000.0,0.194753577107,0.0,735000.0,0.194753577107,147000.0,588000.0,0.155802861685,0.32096,0.32096,1832000.0,1832000.0,https://www.sec.gov/Archives/edgar/data/1500375/000092708920000131/0000927089-20-000131-index.html,https://www.sec.gov/Archives/edgar/data/1500375/000092708920000131/form10q.htm
0,2019-09-30,HFBL,2019-11-12 00:00:00,2019-11-12 16:40:52,Q1,4778000.0,1354000.0,4778000.0,1.0,0.0,3252000.0,0.0,0.0,4606000.0,1966000.0,1354000.0,161000.0,3041000.0,0.443890928159,1526000.0,0.40010487677,0.0,1526000.0,0.40010487677,279000.0,1247000.0,0.326953329837,0.67698,0.67698,1842000.0,1842000.0,https://www.sec.gov/Archives/edgar/data/1500375/000092708919000426/0000927089-19-000426-index.html,https://www.sec.gov/Archives/edgar/data/1500375/000092708919000426/form10q.htm
0,2019-06-30,HFBL,,Not found...,Q4,4464000.0,1291000.0,4464000.0,1.0,0.0,3004000.0,0.0,0.0,4295000.0,1776000.0,1291000.0,173000.00000000003,2924000.0,0.447834377554,1460000.0,0.397711795151,0.0,1460000.0,0.397711795151,299000.0,1161000.0,0.316262598747,0.61008,0.61008,1903040.0,1903040.0,processing...,processing...
0,2019-03-31,HFBL,2019-05-14 00:00:00,2019-05-14 17:12:25,Q3,4317000.0,1168000.0,4317000.0,1.0,0.0,2821000.0,0.0,0.0,3989000.0,1740000.0,1168000.0,122000.0,2786000.0,0.429316640584,1496000.0,0.390193009911,0.0,1496000.0,0.390193009911,307000.0,1189000.0,0.310119979134,0.6301,0.6301,1887000.0,1887000.0,https://www.sec.gov/Archives/edgar/data/1500375/000092708919000204/0000927089-19-000204-index.html,https://www.sec.gov/Archives/edgar/data/1500375/000092708919000204/form10q.htm
0,2018-12-31,HFBL,2019-02-11 00:00:00,2019-02-11 14:31:53,Q2,4360000.0,1075000.0,4360000.0,1.0,0.0,2822000.0,0.0,0.0,3897000.0,1694000.0,1075000.0,121000.0,2734000.0,0.428972200969,1538000.0,0.392246875797,0.0,1538000.0,0.392246875797,363000.0,1175000.0,0.299668451926,0.61777,0.61777,1902000.0,1902000.0,https://www.sec.gov/Archives/edgar/data/1500375/000092708919000094/0000927089-19-000094-index.html,https://www.sec.gov/Archives/edgar/data/1500375/000092708919000094/form10q.htm
0,2018-09-30,HFBL,2018-11-14 00:00:00,2018-11-14 16:04:52,Q1,4560000.0,1000000.0,4560000.0,1.0,0.0,3030000.0,0.0,0.0,4030000.0,1766000.0,1000000.0,120000.0,2650000.0,0.429269547325,1530000.0,0.394032921811,0.0,1530000.0,0.394032921811,310000.0,1220000.0,0.313271604938,0.63212,0.63212,1930000.0,1930000.0,https://www.sec.gov/Archives/edgar/data/1500375/000092708918000410/0000927089-18-000410-index.html,https://www.sec.gov/Archives/edgar/data/1500375/000092708918000410/form10q.htm
0,2018-06-30,HFBL,2018-09-26 00:00:00,2018-09-26 16:28:22,Q4,4580000.0,930000.0,4580000.0,1.0,0.0,2990000.0,0.0,0.0,3920000.0,1805000.0,930000.0,120000.0,2640000.0,0.45313730638,1590000.0,0.417169860856,0.0,1590000.0,0.417169860856,410000.0,1180000.0,0.309004988186,0.6114,0.6114,1930000.0,1930000.0,https://www.sec.gov/Archives/edgar/data/1500375/000092708918000359/0000927089-18-000359-index.html,https://www.sec.gov/Archives/edgar/data/1500375/000092708918000359/form10k.htm
0,2018-03-31,HFBL,2018-05-14 00:00:00,2018-05-14 12:34:26,Q3,4210000.0,860000.0,4210000.0,1.0,0.0,3020000.0,0.0,0.0,3880000.0,1729000.0,860000.0,130000.0,2170000.0,0.359846407021,1180000.0,0.323368074602,0.0,1180000.0,0.323368074602,160000.0,1020000.0,0.280307185957,0.53684,0.53684,1900000.0,1900000.0,https://www.sec.gov/Archives/edgar/data/1500375/000092708918000229/0000927089-18-000229-index.html,https://www.sec.gov/Archives/edgar/data/1500375/000092708918000229/form10q.htm
0,2017-12-31,HFBL,2018-02-09 00:00:00,2018-02-09 15:11:04,Q2,4430000.0,860000.0,4430000.0,1.0,0.0,2960000.0,0.0,0.0,3820000.0,1747000.0,860000.0,120000.0,1810000.0,0.429911551863,1470000.0,0.39480032163,0.0,1470000.0,0.39480032163,470000.0,360000.0,0.096756901635,0.2,0.2,1800000.0,1800000.0,https://www.sec.gov/Archives/edgar/data/1500375/000092708918000049/0000927089-18-000049-index.html,https://www.sec.gov/Archives/edgar/data/1500375/000092708918000049/form10q.htm
0,2017-09-30,HFBL,2017-11-14 00:00:00,2017-11-14 14:58:38,Q1,4710000.0,850000.0,4710000.0,1.0,0.0,3130000.0,0.0,0.0,3980000.0,1881000.0,850000.0,130000.0,2560000.0,0.448423303046,1580000.0,0.42196686264,0.0,1580000.0,0.42196686264,570000.0,1010000.0,0.269374665954,0.55495,0.55495,1820000.0,1820000.0,https://www.sec.gov/Archives/edgar/data/1500375/000092708917000427/0000927089-17-000427-index.html,https://www.sec.gov/Archives/edgar/data/1500375/000092708917000427/form10q.htm
0,2017-06-30,HFBL,2017-09-21 00:00:00,2017-09-21 16:49:32,Q4,4880000.0,800000.0,4880000.0,1.0,0.0,3330000.0,0.0,0.0,4130000.0,2086000.0,800000.0,140000.0,2500000.0,0.458198489752,1550000.0,0.418015102481,0.0,1550000.0,0.418015102481,520000.0,1040000.0,0.279126213592,0.53886,0.53886,1930000.0,1930000.0,https://www.sec.gov/Archives/edgar/data/1500375/000092708917000341/0000927089-17-000341-index.html,https://www.sec.gov/Archives/edgar/data/1500375/000092708917000341/form10k.htm
0,2017-03-31,HFBL,2017-05-12 00:00:00,2017-05-12 12:10:00,Q3,4310000.0,710000.0,4310000.0,1.0,0.0,3030000.0,0.0,0.0,3740000.0,1906000.0,710000.0,120000.0,2110000.0,0.402671213413,1280000.0,0.363739698778,0.0,1280000.0,0.363739698778,430000.0,850000.0,0.242114236999,0.44041,0.44041,1930000.0,1930000.0,https://www.sec.gov/Archives/edgar/data/1500375/000092708917000199/0000927089-17-000199-index.html,https://www.sec.gov/Archives/edgar/data/1500375/000092708917000199/form10q.htm
0,2016-12-31,HFBL,2017-02-09 00:00:00,2017-02-09 17:09:10,Q2,4230000.0,660000.0,4230000.0,1.0,0.0,3150000.0,0.0,0.0,3810000.0,1896000.0,660000.0,120000.0,1860000.0,0.350367107195,1080000.0,0.31718061674,0.0,1080000.0,0.31718061674,320000.0,760000.0,0.224082232012,0.4,0.4,1900000.0,1900000.0,https://www.sec.gov/Archives/edgar/data/1500375/000092708917000062/0000927089-17-000062-index.html,https://www.sec.gov/Archives/edgar/data/1500375/000092708917000062/form10q.htm
0,2016-09-30,HFBL,2016-11-10 00:00:00,2016-11-10 12:13:38,Q1,4580000.0,640000.0,4580000.0,1.0,0.0,3080000.0,0.0,0.0,3720000.0,1877000.0,640000.0,130000.0,2270000.0,0.476424645647,1500000.0,0.433902227365,0.0,1500000.0,0.433902227365,500000.0,1000000.0,0.28984668788,0.53191,0.53191,1880000.0,1880000.0,https://www.sec.gov/Archives/edgar/data/1500375/000092708916001009/0000927089-16-001009-index.html,https://www.sec.gov/Archives/edgar/data/1500375/000092708916001009/form10q.htm
0,2016-06-30,HFBL,2016-09-21 00:00:00,2016-09-21 17:10:30,Q4,4320000.0,630000.0,4320000.0,1.0,0.0,2850000.0,0.0,0.0,3480000.0,1900000.0,630000.0,130000.0,2230000.0,0.477151335312,1470000.0,0.4353115727,0.0,1470000.0,0.4353115727,490000.0,980000.0,0.291097922849,0.51852,0.51852,1890000.0,1890000.0,https://www.sec.gov/Archives/edgar/data/1500375/000092708916000944/0000927089-16-000944-index.html,https://www.sec.gov/Archives/edgar/data/1500375/000092708916000944/form10k.htm
0,2016-03-31,HFBL,2016-05-12 00:00:00,2016-05-12 14:43:50,Q3,4000000.0,650000.0,4000000.0,1.0,0.0,2840000.0,0.0,0.0,3490000.0,1889000.0,650000.0,109999.99999999999,1910000.0,0.397886229406,1150000.0,0.357786757849,0.0,1150000.0,0.357786757849,380000.0,770000.0,0.240596829344,0.40314,0.40314,1910000.0,1910000.0,https://www.sec.gov/Archives/edgar/data/1500375/000092708916000838/0000927089-16-000838-index.html,https://www.sec.gov/Archives/edgar/data/1500375/000092708916000838/form10q.htm
0,2015-12-31,HFBL,2016-02-11 00:00:00,2016-02-11 12:02:40,Q2,3700000.0,670000.0,3700000.0,1.0,0.0,2700000.0,0.0,0.0,3370000.0,1749000.0,670000.0,100000.0,1780000.0,0.36457995459,1010000.0,0.327927343497,0.0,1010000.0,0.327927343497,330000.0,680000.0,0.220888744729,0.35052,0.35052,1940000.0,1940000.0,https://www.sec.gov/Archives/edgar/data/1500375/000092708916000715/0000927089-16-000715-index.html,https://www.sec.gov/Archives/edgar/data/1500375/000092708916000715/form10q.htm
0,2015-09-30,HFBL,2015-11-10 00:00:00,2015-11-10 15:48:49,Q1,4090000.0,670000.0,4090000.0,1.0,0.0,2700000.0,0.0,0.0,3370000.0,1838000.0,670000.0,100000.0,2160000.0,0.473253618628,1390000.0,0.438011327879,0.0,1390000.0,0.438011327879,450000.0,940000.0,0.296098174953,0.47236,0.47236,1990000.0,1990000.0,https://www.sec.gov/Archives/edgar/data/1500375/000092708915000560/0000927089-15-000560-index.html,https://www.sec.gov/Archives/edgar/data/1500375/000092708915000560/form10q.htm
0,2015-06-30,HFBL,2015-09-22 00:00:00,2015-09-22 12:49:19,Q4,3920000.0,650000.0,3920000.0,1.0,0.0,2640000.0,0.0,0.0,3290000.0,1795000.0,650000.0,99999.99999999999,2040000.0,0.440650925335,1290000.0,0.411295469049,0.0,1290000.0,0.411295469049,440000.0,850000.0,0.272495213784,0.42714,0.42714,1990000.0,1990000.0,https://www.sec.gov/Archives/edgar/data/1500375/000092708915000430/0000927089-15-000430-index.html,https://www.sec.gov/Archives/edgar/data/1500375/000092708915000430/form10k.htm
0,2015-03-31,HFBL,2015-05-12 00:00:00,2015-05-12 13:58:06,Q3,4030000.0,630000.0,4030000.0,1.0,0.0,2770000.0,0.0,0.0,3400000.0,4993000.0,630000.0,100000.00000000003,1980000.0,0.446871246041,1260000.0,0.407011029813,0.0,1260000.0,0.407011029813,410000.0,840000.0,0.273124385716,0.41584,0.41584,2020000.0,2020000.0,https://www.sec.gov/Archives/edgar/data/1500375/000092708915000269/0000927089-15-000269-index.html,https://www.sec.gov/Archives/edgar/data/1500375/000092708915000269/form10q.htm
0,2015-02-05,HFBL,,Not found...,Q2,-2975000.0,0.0,-2975000.0,1.0,-119000.0,-1502000.0,0.0,0.0,-1621000.0,-1621000.0,-580000.0,-157000.0,-1384000.0,0.465210084034,-1227000.0,0.41243697479,0.0,-1227000.0,0.41243697479,-404000.0,-823000.0,0.276638655462,-0.41,-0.4,0.0,0.0,,
0,2014-12-31,HFBL,,,Q2,3700000.0,620000.0,3700000.0,1.0,0.0,2460000.0,0.0,0.0,3080000.0,0.0,620000.0,99999.99999999999,1970000.0,0.0,1240000.0,0.0,0.0,1240000.0,0.0,410000.0,840000.0,0.0,0.40976,0.40976,2050000.0,2050000.0,,
0,2014-09-30,HFBL,2014-11-10 00:00:00,2014-11-10 17:05:28,Q1,3610000.0,580000.0,3610000.0,1.0,0.0,2380000.0,0.0,0.0,2960000.0,1621000.0,580000.0,80000.0,1880000.0,0.465210084034,1230000.0,0.41243697479,0.0,1230000.0,0.41243697479,400000.0,820000.0,0.276638655462,0.39806,0.39806,2060000.0,2060000.0,https://www.sec.gov/Archives/edgar/data/1500375/000092708914000467/0000927089-14-000467-index.html,https://www.sec.gov/Archives/edgar/data/1500375/000092708914000467/form10q.htm
0,2014-06-30,HFBL,2014-09-22 00:00:00,2014-09-22 17:24:04,Q4,3400000.0,550000.0,3400000.0,1.0,0.0,2270000.0,0.0,0.0,2820000.0,1538000.0,550000.0,79999.99999999999,1760000.0,0.433625218914,1130000.0,0.394045534151,0.0,1130000.0,0.394045534151,380000.0,750000.0,0.261996497373,0.35885,0.35885,2090000.0,2090000.0,https://www.sec.gov/Archives/edgar/data/1500375/000092708914000388/0000927089-14-000388-index.html,https://www.sec.gov/Archives/edgar/data/1500375/000092708914000388/form10k.htm
0,2014-03-31,HFBL,2014-05-12 00:00:00,2014-05-12 17:11:17,Q3,3280000.0,560000.0,3280000.0,1.0,0.0,2330000.0,0.0,0.0,2890000.0,1626000.0,560000.0,70000.0,1570000.0,0.389350453172,940000.0,0.35498489426,0.0,940000.0,0.35498489426,300000.0,640000.0,0.240936555891,0.30769,0.30769,2080000.0,2080000.0,https://www.sec.gov/Archives/edgar/data/1500375/000092708914000156/0000927089-14-000156-index.html,https://www.sec.gov/Archives/edgar/data/1500375/000092708914000156/form10q.htm
0,2013-12-31,HFBL,,,Q2,3200000.0,600000.0,3200000.0,1.0,0.0,2250000.0,0.0,0.0,2850000.0,1432000.0,600000.0,79999.99999999999,1640000.0,0.391948347892,950000.0,0.362324344854,0.0,950000.0,0.362324344854,310000.0,650000.0,0.244967717433,0.30374,0.30374,2140000.0,2140000.0,,
0,2013-09-30,HFBL,2013-11-12 00:00:00,2013-11-12 11:02:11,Q1,3300000.0,630000.0,3300000.0,1.0,0.0,2250000.0,0.0,0.0,2880000.0,1499000.0,630000.0,70000.0,1750000.0,0.416882636061,1060000.0,0.391336542021,0.0,1060000.0,0.391336542021,340000.0,710000.0,0.263976305072,0.32719,0.32719,2170000.0,2170000.0,https://www.sec.gov/Archives/edgar/data/1500375/000106540713000409/0001065407-13-000409-index.html,https://www.sec.gov/Archives/edgar/data/1500375/000106540713000409/form10q.htm
0,2013-06-30,HFBL,2013-09-24 00:00:00,2013-09-24 13:34:21,Q4,3430000.0,620000.0,3430000.0,1.0,0.0,2400000.0,0.0,0.0,3020000.0,1556000.0,620000.0,60000.0,1710000.0,0.416444613628,1030000.0,0.392843547773,0.0,1030000.0,0.392843547773,400000.0,630000.0,0.241720593833,0.28899,0.28899,2180000.0,2180000.0,https://www.sec.gov/Archives/edgar/data/1500375/000106540713000330/0001065407-13-000330-index.html,https://www.sec.gov/Archives/edgar/data/1500375/000106540713000330/form10k.htm
0,2013-03-31,HFBL,2013-05-10 00:00:00,2013-05-10 15:40:09,Q3,3420000.0,620000.0,3420000.0,1.0,0.0,2420000.0,0.0,0.0,3040000.0,1530000.0,620000.0,60000.0,1680000.0,0.406037735849,1000000.0,0.376981132075,0.0,1000000.0,0.376981132075,320000.0,680000.0,0.255094339623,0.30222,0.30222,2250000.0,2250000.0,https://www.sec.gov/Archives/edgar/data/1500375/000106540713000171/0001065407-13-000171-index.html,https://www.sec.gov/Archives/edgar/data/1500375/000106540713000171/form10q.htm
0,2012-12-31,HFBL,2013-02-12 00:00:00,2013-02-12 13:17:59,Q2,3570000.0,650000.0,3570000.0,1.0,0.0,2250000.0,0.0,0.0,2900000.0,1446000.0,650000.0,50000.0,2020000.0,0.55752546209,1320000.0,0.498302527348,0.0,1320000.0,0.498302527348,440000.0,880000.0,0.331950207469,0.35341,0.35341,2490000.0,2490000.0,https://www.sec.gov/Archives/edgar/data/1500375/000106540713000095/0001065407-13-000095-index.html,https://www.sec.gov/Archives/edgar/data/1500375/000106540713000095/form10q.htm
0,2012-09-30,HFBL,2012-11-09 00:00:00,2012-11-09 15:05:54,Q1,3580000.0,690000.0,3580000.0,1.0,0.0,2170000.0,0.0,0.0,2860000.0,1405000.0,690000.0,50000.0,2150000.0,0.571212693615,1410000.0,0.531167359275,0.0,1410000.0,0.531167359275,470000.0,940000.0,0.354741216471,0.35338,0.35338,2660000.0,2660000.0,https://www.sec.gov/Archives/edgar/data/1500375/000106540712000466/0001065407-12-000466-index.html,https://www.sec.gov/Archives/edgar/data/1500375/000106540712000466/form10q.htm
0,2012-06-30,HFBL,2012-09-17 00:00:00,2012-09-17 12:28:19,Q4,3490000.0,720000.0,3490000.0,1.0,0.0,2450000.0,0.0,0.0,3170000.0,1427000.0,720000.0,49999.99999999999,1810000.0,0.387476280835,1050000.0,0.396963946869,0.0,1050000.0,0.396963946869,270000.0,770000.0,0.293738140417,0.28,0.28,2750000.0,2750000.0,https://www.sec.gov/Archives/edgar/data/1500375/000106540712000381/0001065407-12-000381-index.html,https://www.sec.gov/Archives/edgar/data/1500375/000106540712000381/form10k.htm
0,2012-03-31,HFBL,,,Q3,3350000.0,750000.0,3350000.0,1.0,0.0,2510000.0,0.0,0.0,3260000.0,1512000.0,750000.0,50000.0,1650000.0,0.393423137876,850000.0,0.335182250396,0.0,850000.0,0.335182250396,260000.0,590000.0,0.232567353407,0.20922,0.20922,2820000.0,2820000.0,,
0,2011-12-31,HFBL,2012-02-13 00:00:00,2012-02-13 17:15:32,Q2,3140000.0,790000.0,3140000.0,1.0,0.0,2140000.0,0.0,0.0,2930000.0,2492000.0,790000.0,60000.0,1850000.0,0.561489031686,1000000.0,0.460447595834,0.0,1000000.0,0.460447595834,320000.0,680000.0,0.328384666519,0.23448,0.23448,2900000.0,2900000.0,https://www.sec.gov/Archives/edgar/data/1500375/000106540712000169/0001065407-12-000169-index.html,https://www.sec.gov/Archives/edgar/data/1500375/000106540712000169/form10q.htm
0,2011-09-30,HFBL,2011-11-14 00:00:00,2011-11-14 14:07:15,Q1,3020000.0,800000.0,3020000.0,1.0,0.0,1940000.0,0.0,0.0,2740000.0,0.0,800000.0,50000.0,1930000.0,0.0,1080000.0,0.0,0.0,1080000.0,0.0,280000.0,800000.0,0.0,0.27682,0.27682,2890000.0,2890000.0,https://www.sec.gov/Archives/edgar/data/1500375/000106540711000769/0001065407-11-000769-index.html,https://www.sec.gov/Archives/edgar/data/1500375/000106540711000769/form10q.htm
0,2011-06-30,HFBL,2011-09-27 00:00:00,2011-09-27 17:24:48,Q4,2520000.0,780000.0,2520000.0,1.0,0.0,1850000.0,0.0,0.0,2630000.0,0.0,780000.0,60000.0,1510000.0,0.0,670000.0,0.0,0.0,670000.0,0.0,190000.0,480000.0,0.0,0.16438,0.16438,2920000.0,2920000.0,https://www.sec.gov/Archives/edgar/data/1500375/000106540711000704/0001065407-11-000704-index.html,https://www.sec.gov/Archives/edgar/data/1500375/000106540711000704/form10k.htm
0,2011-03-31,HFBL,2011-05-12 00:00:00,2011-05-12 13:47:47,Q3,2170000.0,770000.0,2170000.0,1.0,0.0,1700000.0,0.0,0.0,2470000.0,0.0,770000.0,40000.00000000001,1280000.0,0.0,470000.0,0.0,0.0,470000.0,0.0,160000.0,310000.0,0.0,0.10403,0.10403,2980000.0,2980000.0,https://www.sec.gov/Archives/edgar/data/1500375/000106540711000287/0001065407-11-000287-index.html,https://www.sec.gov/Archives/edgar/data/1500375/000106540711000287/form10q.htm
0,2010-12-31,HFBL,,,Q2,2520000.0,800000.0,2520000.0,1.0,0.0,1760000.0,0.0,0.0,2560000.0,0.0,800000.0,49999.99999999999,1610000.0,0.0,760000.0,0.0,0.0,760000.0,0.0,260000.0,500000.0,0.0,0.16835,0.16835,2970000.0,2970000.0,,
