,date,symbol,fillingDate,acceptedDate,period,revenue,costOfRevenue,grossProfit,grossProfitRatio,researchAndDevelopmentExpenses,generalAndAdministrativeExpenses,sellingAndMarketingExpenses,otherExpenses,operatingExpenses,costAndExpenses,interestExpense,depreciationAndAmortization,ebitda,ebitdaratio,operatingIncome,operatingIncomeRatio,totalOtherIncomeExpensesNet,incomeBeforeTax,incomeBeforeTaxRatio,incomeTaxExpense,netIncome,netIncomeRatio,eps,epsdiluted,weightedAverageShsOut,weightedAverageShsOutDil,link,finalLink
0,2020-09-30,GLBZ,2020-11-13,2020-11-13 09:30:36,Q3,3349000.0,0.0,3349000.0,1.0,0.0,0.0,22000.0,224000.0,22000.0,22000.0,-353000.0,-89000.0,1143000.0,0.34129590922663483,1232000.0,0.3678710062705285,0.0,1232000.0,0.3678710062705285,283000.0,949000.0,0.28336816960286654,0.3349841332594415,0.3349841332594415,2832970.0,2832970.0,https://www.sec.gov/Archives/edgar/data/890066/000155837020013781/0001558370-20-013781-index.htm,https://www.sec.gov/Archives/edgar/data/890066/000155837020013781/glbz-20200930x10q.htm
0,2020-06-30,GLBZ,2020-08-14,2020-08-14 08:55:21,Q2,3166000.0,0.0,3166000.0,1.0,0.0,3294000.0,19000.0,348000.0,3692000.0,1640000.0,398000.0,217000.0,270000.0,2.39473684211,-128000.0,-3.31578947368,0.0,-128000.0,-3.31578947368,-32000.0,-96000.0,-2.47368421053,-0.03389,-0.03389,2832970.0,2832970.0,https://www.sec.gov/Archives/edgar/data/890066/000155837020010606/0001558370-20-010606-index.htm,https://www.sec.gov/Archives/edgar/data/890066/000155837020010606/glbz-20200630x10q.htm
0,2020-03-31,GLBZ,2020-05-15,2020-05-15 09:11:28,Q1,3303000.0,451000.0,2852000.0,0.8634574629125038,0.0,2960000.0,25000.0,328000.0,3411000.0,1752000.0,451000.0,162000.0,956000.0,21.4464285714,343000.0,6.125,0.0,343000.0,6.125,75000.0,268000.0,4.78571428571,0.09472,0.09472,2829380.0,2829380.0,https://www.sec.gov/Archives/edgar/data/890066/000155837020006669/0001558370-20-006669-index.htm,https://www.sec.gov/Archives/edgar/data/890066/000155837020003222/glbz-20191231x10k.htm
0,2019-12-31,GLBZ,2020-03-27,2020-03-27 11:00:47,Q4,3519000.0,461000.0,3058000.0,0.8689968741119636,0.0,2843000.0,28000.0,334000.0,3304000.0,1747000.0,461000.0,175000.00000000003,1312000.0,-7.85294117647,676000.0,9.94117647059,0.0,676000.0,9.94117647059,137000.0,539000.0,7.92647058824,0.19069,0.19069,2826580.0,2826580.0,https://www.sec.gov/Archives/edgar/data/890066/000155837020003222/0001558370-20-003222-index.htm,https://www.sec.gov/Archives/edgar/data/890066/000155837020003222/glbz-20191231x10k.htm
0,2019-09-30,GLBZ,2019-11-14,2019-11-14 10:28:33,Q3,3535000.0,446000.0,3089000.0,0.8738330975954738,0.0,2717000.0,27000.0,352000.0,3163000.0,1747000.0,446000.0,206999.99999999997,1471000.0,18.3968253968,818000.0,12.9841269841,0.0,818000.0,12.9841269841,212000.0,606000.0,9.61904761905,0.21464,0.21464,2823270.0,2823270.0,https://www.sec.gov/Archives/edgar/data/890066/000155837019011001/0001558370-19-011001-index.htm,https://www.sec.gov/Archives/edgar/data/890066/000155837019011001/glbz-20190930x10q.htm
0,2019-06-30,GLBZ,2019-08-12,2019-08-12 14:31:54,Q2,3406000.0,450000.0,2956000.0,0.8678802113916618,0.0,3020000.0,25000.0,406000.0,3470000.0,1740000.0,450000.0,232000.00000000003,1068000.0,16.1428571429,386000.0,6.12698412698,0.0,386000.0,6.12698412698,67000.0,319000.0,5.06349206349,0.11312,0.11312,2819990.0,2819990.0,https://www.sec.gov/Archives/edgar/data/890066/000155837019007963/0001558370-19-007963-index.htm,https://www.sec.gov/Archives/edgar/data/890066/000155837019007963/glbz-20190630x10q.htm
0,2019-03-31,GLBZ,2019-05-13,2019-05-13 16:28:45,Q1,3421000.0,570000.0,2851000.0,0.8333820520315697,0.0,3250000.0,27000.0,423000.0,3820000.0,1836000.0,570000.0,318000.0,1059000.0,11.6393442623,171000.0,2.80327868852,0.0,171000.0,2.80327868852,36000.0,135000.0,2.2131147541,0.04793,0.04793,2816520.0,2816520.0,https://www.sec.gov/Archives/edgar/data/890066/000155837019004943/0001558370-19-004943-index.htm,https://www.sec.gov/Archives/edgar/data/890066/000155837019002616/glbz-20181231x10k.htm
0,2018-12-31,GLBZ,2019-03-29,2019-03-29 14:19:36,Q4,3557000.0,599000.0,2958000.0,0.8315996626370536,0.0,3192000.0,39000.0,518000.0,3791000.0,6665000.0,599000.0,239000.0,1203000.0,3.08196721311,365000.0,5.98360655738,0.0,365000.0,5.98360655738,57000.0,308000.0,5.04918032787,0.10949,0.10949,2813100.0,2813100.0,https://www.sec.gov/Archives/edgar/data/890066/000155837019002616/0001558370-19-002616-index.htm,https://www.sec.gov/Archives/edgar/data/890066/000155837019002616/glbz-20181231x10k.htm
0,2018-09-30,GLBZ,2018-11-13,2018-11-13 13:49:43,Q3,3630000.0,560000.0,3070000.0,0.8457300275482094,0.0,3110000.0,16000.0,226000.0,3670000.0,57000.0,560000.0,250000.0,1340000.0,16.9322033898,530000.0,10.7118644068,0.0,530000.0,10.7118644068,90000.0,440000.0,9.18644067797,0.15658,0.15658,2810000.0,2810000.0,https://www.sec.gov/Archives/edgar/data/890066/000155837018009259/0001558370-18-009259-index.htm,https://www.sec.gov/Archives/edgar/data/890066/000155837018009259/glbz-20180930x10q.htm
0,2018-06-30,GLBZ,2018-08-14,2018-08-14 10:37:28,Q2,3440000.0,490000.0,2950000.0,0.8575581395348837,0.0,3000000.0,32000.0,413000.0,3490000.0,67000.0,490000.0,259999.99999999994,1180000.0,20.3114754098,430000.0,7.09836065574,0.0,430000.0,7.09836065574,-50000.0,480000.0,7.83606557377,0.17082,0.17082,2810000.0,2810000.0,https://www.sec.gov/Archives/edgar/data/890066/000155837018007054/0001558370-18-007054-index.htm,https://www.sec.gov/Archives/edgar/data/890066/000155837018007054/glbz-20180630x10q.htm
0,2018-03-31,GLBZ,2018-05-15,2018-04-02 12:07:02,Q1,3480000.0,450000.0,3030000.0,0.8706896551724138,0.0,3200000.0,17000.0,272000.0,3650000.0,57000.0,450000.0,320000.0,1060000.0,8.98507462687,280000.0,4.22388059701,0.0,280000.0,4.22388059701,30000.0,260000.0,3.80597014925,0.09286,0.09286,2800000.0,2800000.0,https://www.sec.gov/Archives/edgar/data/890066/000155837018004803/0001558370-18-004803-index.htm,https://www.sec.gov/Archives/edgar/data/890066/000155837018002683/glbz-20171231x10k.htm
0,2017-12-31,GLBZ,2018-04-02,2018-04-02 12:07:02,Q4,3360000.0,460000.0,2900000.0,0.8630952380952381,0.0,2790000.0,52000.0,270000.0,3250000.0,6229000.0,460000.0,140000.0,570000.0,0.23212504157,570000.0,0.188227469238,0.0,570000.0,0.188227469238,120000.0,-150000.0,-0.0508812770203,-0.05357,-0.05357,2800000.0,2800000.0,https://www.sec.gov/Archives/edgar/data/890066/000155837018002683/0001558370-18-002683-index.htm,https://www.sec.gov/Archives/edgar/data/890066/000155837018002683/glbz-20171231x10k.htm
0,2017-09-30,GLBZ,2017-11-14,2017-11-14 13:39:17,Q3,3310000.0,500000.0,2810000.0,0.8489425981873112,0.0,2790000.0,37000.0,217000.0,3290000.0,98000.0,500000.0,270000.0,1280000.0,0.268143100511,510000.0,0.174446337308,-33000.0,510000.0,0.174446337308,100000.0,410000.0,0.139693356048,0.14643,0.14643,2800000.0,2800000.0,https://www.sec.gov/Archives/edgar/data/890066/000155837017008918/0001558370-17-008918-index.htm,https://www.sec.gov/Archives/edgar/data/890066/000155837017008918/glbz-20170930x10q.htm
0,2017-06-30,GLBZ,2017-08-11,2017-08-11 11:40:49,Q2,3180000.0,490000.0,2690000.0,0.8459119496855346,0.0,2780000.0,73000.0,-233000.0,3270000.0,114000.0,490000.0,250000.0,1140000.0,0.229015544041,400000.0,0.13816925734,16000.0,400000.0,0.13816925734,60000.0,340000.0,0.116753022453,0.12186,0.12186,2790000.0,2790000.0,https://www.sec.gov/Archives/edgar/data/890066/000114420417042302/0001144204-17-042302-index.htm,https://www.sec.gov/Archives/edgar/data/890066/000114420417042302/v472570_10q.htm
0,2017-03-31,GLBZ,2017-05-10,2017-05-10 12:16:15,Q1,3110000.0,490000.0,2620000.0,0.842443729903537,0.0,2770000.0,0.0,960000.0,3260000.0,0.0,490000.0,270000.0,1110000.0,0.212142605012,350000.0,0.122132015531,19000.0,350000.0,0.122132015531,30000.0,320000.0,0.111542534416,0.1147,0.1147,2790000.0,2790000.0,https://www.sec.gov/Archives/edgar/data/890066/000157104917004792/0001571049-17-004792-index.htm,https://www.sec.gov/Archives/edgar/data/890066/000157104917002969/t1700170_10k.htm
0,2016-12-31,GLBZ,2017-03-29,2017-03-29 08:47:59,Q4,3490000.0,510000.0,2980000.0,0.8538681948424068,0.0,3210000.0,0.0,2989124000,3720000.0,-4782000.0,510000.0,289999.9999999999,1080000.0,0.382600405955,290000.0,0.300431620733,1629571000,290000.0,0.300431620733,-110000.0,390000.0,0.223667952973,0.14029,0.14029,2780000.0,2780000.0,https://www.sec.gov/Archives/edgar/data/890066/000157104917002969/0001571049-17-002969-index.htm,https://www.sec.gov/Archives/edgar/data/890066/000157104917002969/t1700170_10k.htm
0,2016-09-30,GLBZ,2016-11-09,2016-11-09 08:28:19,Q3,3130000.0,530000.0,2600000.0,0.8306709265175719,0.0,3080000.0,0.0,1038000.0,3610000.0,1743000.0,530000.0,310000.00000000006,900000.0,0.13323782235,60000.0,0.0214899713467,21000.0,60000.0,0.0214899713467,-60000.0,120000.0,0.0411891117479,0.04317,0.04317,2780000.0,2780000.0,https://www.sec.gov/Archives/edgar/data/890066/000157104916019664/0001571049-16-019664-index.htm,https://www.sec.gov/Archives/edgar/data/890066/000157104916019664/t1600693_10q.htm
0,2016-06-30,GLBZ,2016-08-10,2016-08-10 09:16:49,Q2,3050000.0,540000.0,2510000.0,0.8229508196721311,0.0,2700000.0,0.0,984000.0,3240000.0,1534000.0,540000.0,319999.99999999994,1210000.0,0.245883644347,350000.0,0.128796194658,11000.0,350000.0,0.128796194658,40000.0,310000.0,0.112696670326,0.11151,0.11151,2780000.0,2780000.0,https://www.sec.gov/Archives/edgar/data/890066/000157104916017310/0001571049-16-017310-index.htm,https://www.sec.gov/Archives/edgar/data/890066/000157104916017310/t1600489_10q.htm
0,2016-03-31,GLBZ,2016-05-10,2016-05-10 08:39:42,Q1,3110000.0,550000.0,2560000.0,0.8231511254019293,0.0,2790000.0,0.0,970000.0,3340000.0,1505000.0,550000.0,270000.0,1130000.0,0.209717756342,320000.0,0.113254733834,12000.0,320000.0,0.113254733834,30000.0,280000.0,0.101107538407,0.10072,0.10072,2780000.0,2780000.0,https://www.sec.gov/Archives/edgar/data/890066/000157104916015037/0001571049-16-015037-index.htm,https://www.sec.gov/Archives/edgar/data/890066/000157104916012875/t1600121_10k.htm
0,2015-12-31,GLBZ,2016-03-10,2016-03-10 08:18:57,Q4,3550000.0,580000.0,2970000.0,0.8366197183098592,0.0,3000000.0,0.0,2725449000,3580000.0,-4895000.0,580000.0,219999.99999999985,1349999.9999999998,0.136758133426,550000.0,0.123989077357,3007569000,550000.0,0.123989077357,100000.0,450000.0,0.107390573439,0.16304,0.16304,2760000.0,2760000.0,https://www.sec.gov/Archives/edgar/data/890066/000157104916012875/0001571049-16-012875-index.htm,https://www.sec.gov/Archives/edgar/data/890066/000157104916012875/t1600121_10k.htm
0,2015-09-30,GLBZ,2015-11-12,2015-11-12 09:13:10,Q3,3470000.0,590000.0,2880000.0,0.829971181556196,0.0,3650000.0,0.0,913000.0,4240000.0,1552000.0,590000.0,410000.00000000006,830000.0,0.0865384615385,-170000.0,-0.0601851851852,61000.0,-170000.0,-0.0601851851852,-180000.0,10000.0,0.002849002849,0.00361,0.00361,2770000.0,2770000.0,https://www.sec.gov/Archives/edgar/data/890066/000157104915009125/0001571049-15-009125-index.htm,https://www.sec.gov/Archives/edgar/data/890066/000157104915009125/t83499_10q.htm
0,2015-06-30,GLBZ,2015-08-14,2015-08-14 14:46:36,Q2,3810000.0,610000.0,3200000.0,0.8398950131233596,0.0,3020000.0,0.0,1003000.0,3630000.0,1675000.0,610000.0,290000.00000000006,1690000.0,0.387061799783,790000.0,0.284062161185,430000.0,790000.0,0.284062161185,270000.0,520000.0,0.187206360679,0.18773,0.18773,2770000.0,2770000.0,https://www.sec.gov/Archives/edgar/data/890066/000157104915006740/0001571049-15-006740-index.htm,https://www.sec.gov/Archives/edgar/data/890066/000157104915006740/t82917_10q.htm
0,2015-03-31,GLBZ,2015-05-14,2015-05-14 10:20:48,Q1,3400000.0,620000.0,2780000.0,0.8176470588235294,0.0,2970000.0,0.0,937000.0,3590000.0,1668000.0,620000.0,220000.0,1270000.0,0.227972027972,430000.0,0.15,10000.0,430000.0,0.15,50000.0,380000.0,0.132867132867,0.13768,0.13768,2760000.0,2760000.0,https://www.sec.gov/Archives/edgar/data/890066/000157104915004140/0001571049-15-004140-index.htm,https://www.sec.gov/Archives/edgar/data/890066/000157104915002039/t81692_10k.htm
0,2014-12-31,GLBZ,2015-03-18,2015-03-18 15:08:39,Q4,3930000.0,650000.0,3280000.0,0.8346055979643766,0.0,3420000.0,0.0,3045170000,4070000.0,-5003000.0,650000.0,90000.00000000007,1260000.0,0.55796273822,520000.0,0.428375255607,2670489000,520000.0,0.428375255607,40000.0,480000.0,0.327003984417,0.17455,0.17455,2750000.0,2750000.0,https://www.sec.gov/Archives/edgar/data/890066/000157104915002039/0001571049-15-002039-index.htm,https://www.sec.gov/Archives/edgar/data/890066/000157104915002039/t81692_10k.htm
0,2014-09-30,GLBZ,2014-11-14,2014-11-14 11:09:21,Q3,3760000.0,670000.0,3090000.0,0.8218085106382979,0.0,3130000.0,0.0,1147000.0,3800000.0,1657000.0,670000.0,329999.99999999994,1640000.0,0.323863636364,640000.0,0.212901069519,-5000.0,640000.0,0.212901069519,110000.0,530000.0,0.175802139037,0.19203,0.19203,2760000.0,2760000.0,https://www.sec.gov/Archives/edgar/data/890066/000157104914006355/0001571049-14-006355-index.htm,https://www.sec.gov/Archives/edgar/data/890066/000157104914006355/t80693_10q.htm
0,2014-06-30,GLBZ,2014-08-14,2014-08-14 13:06:57,Q2,3440000.0,630000.0,2810000.0,0.8168604651162791,0.0,2940000.0,0.0,958000.0,3570000.0,1669000.0,630000.0,250000.0,1380000.0,0.25306957708,500000.0,0.169849931787,10000.0,500000.0,0.169849931787,60000.0,440000.0,0.148362892224,0.16,0.16,2750000.0,2750000.0,https://www.sec.gov/Archives/edgar/data/890066/000157104914004026/0001571049-14-004026-index.htm,https://www.sec.gov/Archives/edgar/data/890066/000157104914004026/t79946_10q.htm
0,2014-03-31,GLBZ,2014-05-15,2014-05-15 10:33:34,Q1,3520000.0,590000.0,2930000.0,0.8323863636363636,0.0,2960000.0,0.0,1016000.0,3550000.0,1677000.0,590000.0,140000.0,1290000.0,0.230320699708,570000.0,0.183673469388,4000.0,570000.0,0.183673469388,90000.0,470000.0,0.15322319404,0.17091,0.17091,2750000.0,2750000.0,https://www.sec.gov/Archives/edgar/data/890066/000157104914001865/0001571049-14-001865-index.htm,https://www.sec.gov/Archives/edgar/data/890066/000118811214000720/t78578_10k.htm
0,2013-12-31,GLBZ,2014-03-18,2014-03-18 09:15:59,Q4,3940000.0,570000.0,3370000.0,0.8553299492385786,0.0,3130000.0,0.0,2714525000,3700000.0,0.0,570000.0,-50000.000000000044,1330000.0,0.409935724033,810000.0,0.268104021944,-109402000,810000.0,0.268104021944,160000.0,650000.0,0.207719160187,0.23723,0.23723,2740000.0,2740000.0,https://www.sec.gov/Archives/edgar/data/890066/000118811214000720/0001188112-14-000720-index.htm,https://www.sec.gov/Archives/edgar/data/890066/000118811214000720/t78578_10k.htm
0,2013-09-30,GLBZ,2013-11-14,2013-11-14 09:01:13,Q3,3880000.0,680000.0,3200000.0,0.8247422680412371,0.0,2840000.0,0.0,911000.0,3520000.0,0.0,680000.0,580000.0,2300000.0,0.494946401225,1040000.0,0.318223583461,-11000.0,1040000.0,0.318223583461,240000.0,800000.0,0.243491577335,0.29197,0.29197,2740000.0,2740000.0,https://www.sec.gov/Archives/edgar/data/890066/000118811213003375/0001188112-13-003375-index.htm,https://www.sec.gov/Archives/edgar/data/890066/000118811213003375/t77778_10q.htm
0,2013-06-30,GLBZ,2013-08-14,2013-08-14 08:31:52,Q2,3510000.0,700000.0,2810000.0,0.8005698005698005,0.0,2720000.0,0.0,855000.0,3420000.0,0.0,700000.0,280000.0,1770000.0,0.354270521768,790000.0,0.261881023596,4000.0,790000.0,0.261881023596,150000.0,640000.0,0.212695247591,0.23358,0.23358,2740000.0,2740000.0,https://www.sec.gov/Archives/edgar/data/890066/000118811213002427/0001188112-13-002427-index.htm,https://www.sec.gov/Archives/edgar/data/890066/000118811213002427/t77121_10q.htm
0,2013-03-31,GLBZ,2013-05-14,2013-05-14 13:40:36,Q1,3290000.0,720000.0,2570000.0,0.7811550151975684,0.0,2690000.0,0.0,828000.0,3410000.0,0.0,720000.0,380000.0,1710000.0,0.339855818744,610000.0,0.208376244422,6000.0,610000.0,0.208376244422,80000.0,530000.0,0.181599725369,0.19343,0.19343,2740000.0,2740000.0,https://www.sec.gov/Archives/edgar/data/890066/000114420413028574/0001144204-13-028574-index.htm,https://www.sec.gov/Archives/edgar/data/890066/000114420413018789/v337520_10k.htm
0,2012-12-31,GLBZ,2013-03-29,2013-03-29 17:21:44,Q4,3550000.0,770000.0,2780000.0,0.7830985915492957,0.0,2790000.0,0.0,2384064000,3560000.0,-5118000.0,770000.0,149999.9999999999,1680000.0,0.233027174402,760000.0,0.299490297932,1822058000,760000.0,0.299490297932,150000.0,610000.0,0.237335771461,0.22344,0.22344,2730000.0,2730000.0,https://www.sec.gov/Archives/edgar/data/890066/000114420413018789/0001144204-13-018789-index.htm,https://www.sec.gov/Archives/edgar/data/890066/000114420413018789/v337520_10k.htm
0,2012-09-30,GLBZ,2012-11-14,2012-11-14 11:03:36,Q3,3700000.0,810000.0,2890000.0,0.7810810810810811,0.0,2860000.0,0.0,855000.0,3670000.0,1660000.0,810000.0,459999.99999999994,2100000.0,0.406259780908,830000.0,0.260719874804,5000.0,830000.0,0.260719874804,160000.0,670000.0,0.209702660407,0.24542,0.24542,2730000.0,2730000.0,https://www.sec.gov/Archives/edgar/data/890066/000114420412062065/0001144204-12-062065-index.htm,https://www.sec.gov/Archives/edgar/data/890066/000114420412062065/v326361_10q.htm
0,2012-06-30,GLBZ,2012-08-10,2012-08-10 14:12:31,Q2,3520000.0,830000.0,2690000.0,0.7642045454545454,0.0,2720000.0,0.0,789000.0,3550000.0,1726000.0,830000.0,650000.0000000001,2290000.0,0.470626210458,810000.0,0.25984506133,4000.0,810000.0,0.25984506133,150000.0,660000.0,0.211749515817,0.24176,0.24176,2730000.0,2730000.0,https://www.sec.gov/Archives/edgar/data/890066/000114420412044352/0001144204-12-044352-index.htm,https://www.sec.gov/Archives/edgar/data/890066/000114420412044352/v318842_10q.htm
0,2012-03-31,GLBZ,2012-05-15,2012-05-15 11:39:58,Q1,3630000.0,850000.0,2780000.0,0.7658402203856749,0.0,2690000.0,0.0,757000.0,3540000.0,1732000.0,850000.0,460000.0,2250000.0,0.434850374065,940000.0,0.293017456359,5000.0,940000.0,0.293017456359,210000.0,730000.0,0.227556109726,0.26838,0.26838,2720000.0,2720000.0,https://www.sec.gov/Archives/edgar/data/890066/000114420412029143/0001144204-12-029143-index.htm,https://www.sec.gov/Archives/edgar/data/890066/000114420412015477/v305492_10k.htm
0,2011-12-31,GLBZ,2012-03-16,2012-03-16 11:20:51,Q4,3760000.0,900000.0,2860000.0,0.7606382978723404,0.0,2930000.0,0.0,2785234000,3830000.0,-4936000.0,900000.0,320000.00000000006,2060000.0,0.352367157287,830000.0,0.254096935416,2089555000,830000.0,0.254096935416,80000.0,760000.0,0.231052580916,0.27941,0.27941,2720000.0,2720000.0,https://www.sec.gov/Archives/edgar/data/890066/000114420412015477/0001144204-12-015477-index.htm,https://www.sec.gov/Archives/edgar/data/890066/000114420412015477/v305492_10k.htm
0,2011-09-30,GLBZ,2011-11-14,2011-11-14 16:22:59,Q3,3930000.0,910000.0,3020000.0,0.7684478371501272,0.0,2930000.0,0.0,907000.0,3840000.0,1658000.0,910000.0,390000.0,2310000.0,0.407979033197,1010000.0,0.293826441468,-30000.0,1010000.0,0.293826441468,240000.0,770000.0,0.224228305183,0.28205,0.28205,2730000.0,2730000.0,https://www.sec.gov/Archives/edgar/data/890066/000114420411064372/0001144204-11-064372-index.htm,https://www.sec.gov/Archives/edgar/data/890066/000114420411064372/v239565_10q.htm
0,2011-06-30,GLBZ,2011-08-15,2011-08-15 17:25:15,Q2,3890000.0,930000.0,2960000.0,0.7609254498714653,0.0,2890000.0,0.0,981000.0,3820000.0,3278000.0,930000.0,240000.0,2170000.0,0.373275989915,1000000.0,0.28473973009,2000.0,1000000.0,0.28473973009,240000.0,760000.0,0.217558950022,0.28044,0.28044,2710000.0,2710000.0,https://www.sec.gov/Archives/edgar/data/890066/000114420411047490/0001144204-11-047490-index.htm,https://www.sec.gov/Archives/edgar/data/890066/000114420411047490/v231279_10q.htm
0,2011-03-31,GLBZ,2011-05-11,2011-05-11 15:52:58,Q1,3960000.0,940000.0,3020000.0,0.7626262626262627,0.0,3040000.0,0.0,918000.0,3980000.0,0.0,940000.0,360000.0,2220000.0,0.3000466635557629,920000.0,0.2151189920671955,3000.0,920000.0,0.2151189920671955,210000.0,710000.0,0.1654223051796547,0.26296,0.26296,2700000.0,2700000.0,https://www.sec.gov/Archives/edgar/data/890066/000114420411028078/0001144204-11-028078-index.htm,https://www.sec.gov/Archives/edgar/data/890066/000114420411014227/v214181_10k.htm
0,2010-12-31,GLBZ,2011-03-11,2011-03-11 12:59:54,Q4,3720000.0,990000.0,2730000.0,0.7338709677419355,0.0,2850000.0,0.0,2643509000,3840000.0,0.0,990000.0,229999.99999999997,2100000.0,0.015520797349874141,880000.0,-0.03956928573492961,1898517000,880000.0,-0.03956928573492961,230000.0,650000.0,0.11358960208200582,0.24074,0.24074,2700000.0,2700000.0,https://www.sec.gov/Archives/edgar/data/890066/000114420411014227/0001144204-11-014227-index.htm,https://www.sec.gov/Archives/edgar/data/890066/000114420411014227/v214181_10k.htm
0,2010-09-30,GLBZ,2010-11-05,2010-11-05 12:50:02,Q3,3930000.0,1400000.0,2530000.0,0.6437659033078881,0.0,3030000.0,0.0,2630000.0,4430000.0,0.0,1400000.0,330000.0,2630000.0,0.2671440972222222,900000.0,0.1953125,87.0,900000.0,0.1953125,210000.0,690000.0,0.14952256944444445,0.25651,0.25651,2690000.0,2690000.0,https://www.sec.gov/Archives/edgar/data/890066/000114420410057853/0001144204-10-057853-index.htm,https://www.sec.gov/Archives/edgar/data/890066/000114420410057853/v201150_10q.htm
0,2010-06-30,GLBZ,2010-08-05,2010-08-05 11:33:30,Q2,3610000.0,1430000.0,2180000.0,0.6038781163434903,0.0,3290000.0,0.0,1768000.0,4720000.0,0.0,1430000.0,220000.0,1970000.0,0.11600173460537727,320000.0,0.06895056374674761,0.0,320000.0,0.06895056374674761,-4.0,320000.0,0.06981786643538596,0.11896,0.11896,2690000.0,2690000.0,https://www.sec.gov/Archives/edgar/data/890066/000114420410041425/0001144204-10-041425-index.htm,https://www.sec.gov/Archives/edgar/data/890066/000114420410041425/v192425_10q.htm
0,2010-03-31,GLBZ,2010-05-13,2010-05-13 10:44:14,Q1,3510000.0,1480000.0,2030000.0,0.5783475783475783,0.0,3060000.0,0.0,843000.0,4540000.0,0.0,1480000.0,220000.0,2150000.0,0.14654418197725283,450000.0,0.09864391951006124,3000.0,450000.0,0.09864391951006124,50000.0,400000.0,0.08727034120734908,0.14925,0.14925,2680000.0,2680000.0,https://www.sec.gov/Archives/edgar/data/890066/000114420410026707/0001144204-10-026707-index.htm,https://www.sec.gov/Archives/edgar/data/890066/000114420410013003/v176911_10k.htm
0,2009-12-31,GLBZ,2010-03-12,2010-03-12 11:15:48,Q4,3960000.0,1570000.0,2390000.0,0.6035353535353535,0.0,4670000.0,0.0,2989201000,6240000.0,0.0,1570000.0,190000.0,1060000.0,0.09016476684304933,-700000.0,0.05515099413719331,2365260000,-700000.0,0.05515099413719331,-490000.0,-210000.0,0.06768480594488792,-0.07836,-0.07836,2680000.0,2680000.0,https://www.sec.gov/Archives/edgar/data/890066/000114420410013003/0001144204-10-013003-index.htm,https://www.sec.gov/Archives/edgar/data/890066/000114420410013003/v176911_10k.htm
0,2009-09-30,GLBZ,2009-11-03,2009-11-03 11:02:46,Q3,3700000.0,1650000.0,2050000.0,0.5540540540540541,0.0,3050000.0,0.0,2643000.0,4700000.0,0.0,1650000.0,190000.0,2490000.0,0.1764582017266793,650000.0,0.13644977890082122,-918.0,650000.0,0.13644977890082122,120000.0,530000.0,0.11097073068014318,0.1985,0.1985,2670000.0,2670000.0,https://www.sec.gov/Archives/edgar/data/890066/000114420409056101/0001144204-09-056101-index.htm,https://www.sec.gov/Archives/edgar/data/890066/000114420409056101/v164506_10q.htm
0,2009-06-30,GLBZ,2009-07-29,2009-07-29 13:27:25,Q2,3520000.0,1660000.0,1860000.0,0.5284090909090909,0.0,2960000.0,0.0,1768000.0,4620000.0,0.0,1660000.0,160000.00000000003,2390000.0,0.1561100447856686,570000.0,0.12156110044785669,908.0,570000.0,0.12156110044785669,80000.0,490000.0,0.10449989336745574,0.18352,0.18352,2670000.0,2670000.0,https://www.sec.gov/Archives/edgar/data/890066/000114420409039214/0001144204-09-039214-index.htm,https://www.sec.gov/Archives/edgar/data/890066/000114420409039214/v155761_10q.htm
0,2009-03-31,GLBZ,2009-04-28,2009-04-28 10:30:18,Q1,3280000.0,1670000.0,1610000.0,0.49085365853658536,0.0,2770000.0,0.0,825000.0,4440000.0,0.0,1670000.0,110000.0,2300000.0,0.13677476285020956,510000.0,0.11250827266710788,-1.0,510000.0,0.11250827266710788,60000.0,460000.0,0.10037502757555702,0.15753,0.15753,2920000.0,2920000.0,https://www.sec.gov/Archives/edgar/data/890066/000114420409022577/0001144204-09-022577-index.htm,https://www.sec.gov/Archives/edgar/data/890066/000114420409014471/v142830_10k.htm
0,2008-12-31,GLBZ,2009-03-17,2009-03-17 13:11:25,Q4,3450000.0,1660000.0,1790000.0,0.518840579710145,0.0,3180000.0,0.0,2408690000,4840000.0,0.0,1660000.0,420805000,1930000.0,0.00803591406980903,270000.0,-0.015133023801175876,2050598000,270000.0,-0.015133023801175876,-1110000.0,1380000.0,0.02229543304256515,0.46465,0.46465,2970000.0,2970000.0,https://www.sec.gov/Archives/edgar/data/890066/000114420409014471/0001144204-09-014471-index.htm,https://www.sec.gov/Archives/edgar/data/890066/000114420409014471/v142830_10k.htm
0,2008-09-30,GLBZ,2008-11-14,2008-11-14 12:10:06,Q3,3680000.0,1550000.0,2130000.0,0.5788043478260869,0.0,5590000.0,0.0,2343000.0,7140000.0,0.0,1550000.0,139999.99999999997,-230000.00000000003,-0.379901435611742,-1920000.0,-0.41032783372616244,-14.0,-1920000.0,-0.41032783372616244,200000.0,-2120000.0,-0.4538247268052282,-0.7138,-0.7138,2970000.0,2970000.0,https://www.sec.gov/Archives/edgar/data/890066/000114420408063932/0001144204-08-063932-index.htm,https://www.sec.gov/Archives/edgar/data/890066/000114420408063932/v132126_10q.htm
0,2008-06-30,GLBZ,2008-07-25,2008-07-25 13:28:05,Q2,3500000.0,1500000.0,2000000.0,0.5714285714285714,0.0,2760000.0,0.0,1633000.0,4260000.0,0.0,1500000.0,110000.00000000001,2350000.0,0.19078361531611754,740000.0,0.16540516473731076,0.0,740000.0,0.16540516473731076,140000.0,600000.0,0.13446126447016918,0.20067,0.20067,2990000.0,2990000.0,https://www.sec.gov/Archives/edgar/data/890066/000114420408041849/0001144204-08-041849-index.htm,https://www.sec.gov/Archives/edgar/data/890066/000114420408041849/v120827_10q.htm
0,2008-03-31,GLBZ,2008-04-24,2008-04-24 16:05:55,Q1,3340000.0,1550000.0,1790000.0,0.5359281437125748,0.0,2710000.0,0.0,835000.0,4260000.0,0.0,1550000.0,170000.0,2350000.0,0.17969635168819398,630000.0,0.14162701110355766,3.0,630000.0,0.14162701110355766,90000.0,540000.0,0.12145932472241106,0.18,0.18,3000000.0,3000000.0,https://www.sec.gov/Archives/edgar/data/890066/000114420408024054/0001144204-08-024054-index.htm,https://www.sec.gov/Archives/edgar/data/890066/000114420408015500/v106996_10k.htm
0,2007-12-31,GLBZ,2008-03-14,2008-03-14 17:28:10,Q4,3510000.0,1510000.0,2000000.0,0.5698005698005698,0.0,2610000.0,0.0,2376925000,4120000.0,0.0,1510000.0,159999.99999999997,2570000.0,0.22630718541715827,900000.0,0.19848870387893652,2157279000,900000.0,0.19848870387893652,200000.0,700000.0,0.15597361206909416,0.23411,0.23411,2990000.0,2990000.0,https://www.sec.gov/Archives/edgar/data/890066/000114420408015500/0001144204-08-015500-index.htm,https://www.sec.gov/Archives/edgar/data/890066/000114420408015500/v106996_10k.htm
0,2007-09-30,GLBZ,2007-10-30,2007-10-30 15:53:27,Q3,3680000.0,1440000.0,2240000.0,0.6086956521739131,0.0,2630000.0,0.0,2410000.0,4070000.0,0.0,1440000.0,70000.0,2560000.0,0.25,1050000.0,0.23436103663985702,4.0,1050000.0,0.23436103663985702,260000.0,790000.0,0.17537980339588918,0.26421,0.26421,2990000.0,2990000.0,https://www.sec.gov/Archives/edgar/data/890066/000114420407057084/0001144204-07-057084-index.htm,https://www.sec.gov/Archives/edgar/data/890066/000114420407057084/v091425_10q.htm
0,2007-06-30,GLBZ,2007-08-08,2007-08-08 14:20:55,Q2,3480000.0,1510000.0,1970000.0,0.5660919540229885,0.0,2600000.0,0.0,1581000.0,4110000.0,0.0,1510000.0,120000.00000000001,2500000.0,0.22306830907054873,870000.0,0.19552071668533036,6.0,870000.0,0.19552071668533036,180000.0,690000.0,0.1547592385218365,0.23077,0.23077,2990000.0,2990000.0,https://www.sec.gov/Archives/edgar/data/890066/000114420407041057/0001144204-07-041057-index.htm,https://www.sec.gov/Archives/edgar/data/890066/000114420407041057/v083314_10q.htm
0,2007-03-31,GLBZ,2007-05-08,2007-05-08 14:20:11,Q1,3360000.0,1520000.0,1840000.0,0.5476190476190477,0.0,2650000.0,0.0,787000.0,4170000.0,0.0,1520000.0,150000.0,2390000.0,0.19505556815604447,720000.0,0.16216829212973463,3.0,720000.0,0.16216829212973463,110000.0,610000.0,0.13744613290995691,0.2047,0.2047,2980000.0,2980000.0,https://www.sec.gov/Archives/edgar/data/890066/000114420407023317/0001144204-07-023317-index.htm,https://www.sec.gov/Archives/edgar/data/890066/000114420407012096/v067977_10-k.htm
0,2006-12-31,GLBZ,2007-03-09,2007-03-09 17:01:40,Q4,3560000.0,1610000.0,1950000.0,0.547752808988764,0.0,2650000.0,0.0,2363878000,4260000.0,0.0,1610000.0,-120000.0,2390000.0,0.22535343473897046,900000.0,0.1929849213383703,2244376000,900000.0,0.1929849213383703,290000.0,610000.0,0.1540596991863149,0.20539,0.20539,2970000.0,2970000.0,https://www.sec.gov/Archives/edgar/data/890066/000114420407012096/0001144204-07-012096-index.htm,https://www.sec.gov/Archives/edgar/data/890066/000114420407012096/v067977_10-k.htm
0,2006-09-30,GLBZ,2006-10-27,2006-10-27 14:07:28,Q3,3560000.0,1540000.0,2020000.0,0.5674157303370787,0.0,2650000.0,0.0,2409000.0,4190000.0,0.0,1540000.0,120000.0,2570000.0,0.23107747105966162,910000.0,0.20302760463045413,6.0,910000.0,0.20302760463045413,140000.0,770000.0,0.17186108637577915,0.25926,0.25926,2970000.0,2970000.0,https://www.sec.gov/Archives/edgar/data/890066/000114420406043966/0001144204-06-043966-index.htm,https://www.sec.gov/Archives/edgar/data/890066/000114420406043966/v055733_10-q.htm
0,2006-06-30,GLBZ,2006-07-31,2006-07-31 14:14:10,Q2,3500000.0,1480000.0,2020000.0,0.5771428571428572,0.0,2650000.0,0.0,1636000.0,4130000.0,0.0,1480000.0,309999.99999999994,2630000.0,0.2581515628513605,840000.0,0.18979087024960647,3.0,840000.0,0.18979087024960647,130000.0,710000.0,0.16033280863503485,0.23906,0.23906,2970000.0,2970000.0,https://www.sec.gov/Archives/edgar/data/890066/000114420406030317/0001144204-06-030317-index.htm,https://www.sec.gov/Archives/edgar/data/890066/000114420406030317/v048447_10q.htm
0,2006-03-31,GLBZ,2006-04-28,2006-04-28 15:57:25,Q1,3450000.0,1210000.0,2240000.0,0.6492753623188405,0.0,2700000.0,0.0,846000.0,3910000.0,0.0,1210000.0,260000.0,2220000.0,0.24221370388116914,750000.0,0.17920459990416868,5.0,750000.0,0.17920459990416868,120000.0,630000.0,0.14997604216578822,0.21284,0.21284,2960000.0,2960000.0,https://www.sec.gov/Archives/edgar/data/890066/000114420406017362/0001144204-06-017362-index.htm,https://www.sec.gov/Archives/edgar/data/890066/000114420406010190/v037630_10k.htm
0,2005-12-31,GLBZ,2006-03-16,2006-03-16 12:20:58,Q4,3520000.0,1130000.0,2390000.0,0.6789772727272727,0.0,2620000.0,0.0,2536445000,3750000.0,0.0,1130000.0,170000.00000000003,2210000.0,0.2650416139512686,910000.0,0.21774356938455044,2113796000,910000.0,0.21774356938455044,240000.0,670000.0,0.17236774203695718,0.22712,0.22712,2950000.0,2950000.0,https://www.sec.gov/Archives/edgar/data/890066/000114420406010190/0001144204-06-010190-index.htm,https://www.sec.gov/Archives/edgar/data/890066/000114420406010190/v037630_10k.htm
0,2005-09-30,GLBZ,2005-10-28,2005-10-28 16:26:24,Q3,3560000.0,1080000.0,2480000.0,0.6966292134831461,0.0,2630000.0,0.0,2640000.0,3710000.0,0.0,1080000.0,199999.99999999997,2210000.0,0.27503663898387887,940000.0,0.22838299951148022,4.0,940000.0,0.22838299951148022,190000.0,740000.0,0.18124084025403028,0.25085,0.25085,2950000.0,2950000.0,https://www.sec.gov/Archives/edgar/data/890066/000114420405033168/0001144204-05-033168-index.htm,https://www.sec.gov/Archives/edgar/data/890066/000114420405033168/v027875_10-q.htm
0,2005-06-30,GLBZ,2005-07-29,2005-07-29 11:37:41,Q2,3510000.0,990000.0,2520000.0,0.717948717948718,0.0,2690000.0,0.0,1795000.0,3680000.0,0.0,990000.0,240000.00000000003,2050000.0,0.2699014404852161,820000.0,0.20697498104624715,5.0,820000.0,0.20697498104624715,150000.0,670000.0,0.17033105888299216,0.22712,0.22712,2950000.0,2950000.0,https://www.sec.gov/Archives/edgar/data/890066/000114420405023043/0001144204-05-023043-index.htm,https://www.sec.gov/Archives/edgar/data/890066/000114420405023043/v022609_10q.htm
0,2005-03-31,GLBZ,2005-05-05,2005-05-05 11:05:33,Q1,3480000.0,930000.0,2550000.0,0.7327586206896551,0.0,2640000.0,0.0,899000.0,3570000.0,0.0,930000.0,150000.0,1920000.0,0.2517857142857143,840000.0,0.21479591836734693,19.0,840000.0,0.21479591836734693,150000.0,690000.0,0.17551020408163265,0.23469,0.23469,2940000.0,2940000.0,https://www.sec.gov/Archives/edgar/data/890066/000114420405014045/0001144204-05-014045-index.htm,https://www.sec.gov/Archives/edgar/data/890066/000114420405007682/v014283_10k.htm
0,2004-12-31,GLBZ,2005-03-15,2005-03-15 17:30:07,Q4,3610000.0,890000.0,2720000.0,0.7534626038781164,0.0,2690000.0,0.0,2539801000,3580000.0,0.0,890000.0,69999.99999999996,1880000.0,0.28842335802058283,920000.0,0.23553383029889885,2371631000,920000.0,0.23553383029889885,80000.0,840000.0,0.19510588730258477,0.28094,0.28094,2990000.0,2990000.0,https://www.sec.gov/Archives/edgar/data/890066/000114420405007682/0001144204-05-007682-index.htm,https://www.sec.gov/Archives/edgar/data/890066/000114420405007682/v014283_10k.htm
0,2004-09-30,GLBZ,2004-10-29,2004-10-29 16:32:51,Q3,3690000.0,930000.0,2760000.0,0.7479674796747967,0.0,2710000.0,0.0,2534000.0,3640000.0,0.0,930000.0,290000.00000000006,2190000.0,0.3102091020910209,970000.0,0.23936039360393604,1.0,970000.0,0.23936039360393604,200000.0,770000.0,0.18917589175891758,0.2628,0.2628,2930000.0,2930000.0,https://www.sec.gov/Archives/edgar/data/890066/000114420404017204/0001144204-04-017204-index.htm,https://www.sec.gov/Archives/edgar/data/890066/000114420404017204/v07873_10q.htm
0,2004-06-30,GLBZ,2004-07-30,2004-07-30 15:52:06,Q2,3450000.0,890000.0,2560000.0,0.7420289855072464,0.0,2570000.0,0.0,1723000.0,3460000.0,0.0,890000.0,180000.0,1960000.0,-195.3098335067638,880000.0,0.23348074921956297,4.0,880000.0,0.23348074921956297,180000.0,710000.0,0.18821540062434963,0.24315,0.24315,2920000.0,2920000.0,https://www.sec.gov/Archives/edgar/data/890066/000114420404010792/0001144204-04-010792-index.htm,https://www.sec.gov/Archives/edgar/data/890066/000095013304001202/w95593e10vk.htm
0,2004-03-31,GLBZ,,Not found...,Q1,3630000.0,940000.0,3630000.0,1.0,0.0,2720000.0,0.0,0.0,3660000.0,0.0,940000.0,290000.0,2140000.0,0.0,910000.0,0.0,0.0,910000.0,0.0,170000.0,740000.0,0.0,0.25256,0.25256,2930000.0,2930000.0,,
0,2003-12-31,GLBZ,2004-03-29,2004-03-29 16:57:30,Q4,3540000.0,970000.0,2570000.0,0.7259887005649718,0.0,2410000.0,0.0,2395428000,3380000.0,0.0,970000.0,880000.0,2980000.0,0.3390912656801881,1120000.0,0.24228928958897528,2289405000,1120000.0,0.24228928958897528,280000.0,850000.0,0.1980139270974734,0.2921,0.2921,2910000.0,2910000.0,https://www.sec.gov/Archives/edgar/data/890066/000095013304001202/0000950133-04-001202-index.htm,https://www.sec.gov/Archives/edgar/data/890066/000095013304001202/w95593e10vk.htm
0,2003-09-30,GLBZ,2003-11-12,2003-11-12 16:20:42,Q3,3490000.0,1050000.0,2440000.0,0.6991404011461319,0.0,2460000.0,0.0,2400000.0,3510000.0,0.0,1050000.0,459999.99999999994,2540000.0,-106.84022442813983,1030000.0,0.2279671989641778,8.0,1030000.0,0.2279671989641778,190000.0,840000.0,0.19231765213638324,0.28866,0.28866,2910000.0,2910000.0,https://www.sec.gov/Archives/edgar/data/890066/000095013303003824/0000950133-03-003824-index.htm,https://www.sec.gov/Archives/edgar/data/890066/000095013303003824/w91464e10vq.htm
0,2003-06-30,GLBZ,,,Q2,3300000.0,1110000.0,3300000.0,1.0,0.0,2450000.0,0.0,0.0,3560000.0,0.0,1110000.0,150000.0,2110000.0,0.0,860000.0,0.0,0.0,860000.0,0.0,120000.0,730000.0,0.0,0.25086,0.25086,2910000.0,2910000.0,,
0,2003-03-31,GLBZ,,,Q1,3230000.0,1140000.0,3230000.0,1.0,0.0,2480000.0,0.0,0.0,3620000.0,0.0,1140000.0,10000.0,1910000.0,0.0,750000.0,0.0,0.0,750000.0,0.0,100000.0,660000.0,0.0,0.2268,0.2268,2910000.0,2910000.0,,
0,2002-12-31,GLBZ,,,Q4,3230000.0,1250000.0,3230000.0,1.0,0.0,2460000.0,0.0,0.0,3710000.0,0.0,1250000.0,1570000.0,3600000.0,0.0,780000.0,0.0,0.0,780000.0,0.0,230000.0,550000.0,0.0,0.19031,0.19031,2890000.0,2890000.0,,
0,2002-09-30,GLBZ,,,Q3,3410000.0,1300000.0,3410000.0,1.0,0.0,2490000.0,0.0,0.0,3790000.0,0.0,1300000.0,-380000.0,1840000.0,0.0,920000.0,0.0,0.0,920000.0,0.0,230000.0,690000.0,0.0,0.23793,0.23793,2900000.0,2900000.0,,
0,2002-06-30,GLBZ,,,Q2,3290000.0,1280000.0,3290000.0,1.0,0.0,2530000.0,0.0,0.0,3810000.0,0.0,1280000.0,-60000.0,1990000.0,0.0,760000.0,0.0,0.0,760000.0,0.0,180000.0,590000.0,0.0,0.20486,0.20486,2880000.0,2880000.0,,
0,2002-03-31,GLBZ,,,Q1,3910000.0,1370000.0,3910000.0,1.0,0.0,2470000.0,0.0,0.0,3840000.0,0.0,1370000.0,110000.0,2920000.0,0.0,1440000.0,0.0,0.0,1440000.0,0.0,450000.0,990000.0,0.0,0.34495,0.34495,2870000.0,2870000.0,,
0,2001-12-31,GLBZ,,,Q4,3230000.0,1570000.0,3230000.0,1.0,0.0,2820000.0,0.0,0.0,4390000.0,0.0,1570000.0,490000.00000000006,2460000.0,0.0,400000.0,0.0,0.0,400000.0,0.0,70000.0,330000.0,0.0,0.11498,0.11498,2870000.0,2870000.0,,
0,2001-09-30,GLBZ,2001-11-14 00:00:00,2001-11-14 00:00:00,Q3,3190000.0,1630000.0,3190000.0,1.0,0.0,2360000.0,0.0,0.0,3990000.0,0.0,1630000.0,30000.000000000025,2490000.0,0.0,830000.0,0.0,0.0,830000.0,0.0,240000.0,590000.0,0.0,0.20629,0.20629,2860000.0,2860000.0,https://www.sec.gov/Archives/edgar/data/890066/000111635401500036/0001116354-01-500036-index.html,https://www.sec.gov/Archives/edgar/data/890066/000111635401500036/gbb9300110q.txt
0,2001-06-30,GLBZ,2001-08-13 00:00:00,2001-08-13 00:00:00,Q2,3140000.0,1600000.0,3140000.0,1.0,0.0,2650000.0,0.0,0.0,4250000.0,0.0,1600000.0,140000.0,2230000.0,0.0,490000.0,0.0,0.0,490000.0,0.0,110000.0,380000.0,0.0,0.13287,0.13287,2860000.0,2860000.0,https://www.sec.gov/Archives/edgar/data/890066/000111635401500009/0001116354-01-500009-index.html,https://www.sec.gov/Archives/edgar/data/890066/000111635401500009/gbb10q63001.txt
0,2001-03-31,GLBZ,,,Q1,2950000.0,1740000.0,2950000.0,1.0,0.0,2350000.0,0.0,0.0,4090000.0,0.0,1740000.0,150000.0,2490000.0,0.0,600000.0,0.0,0.0,600000.0,0.0,170000.0,430000.0,0.0,0.15035,0.15035,2860000.0,2860000.0,,
0,2000-12-31,GLBZ,,,Q4,4720000.0,1690000.0,4720000.0,1.0,0.0,3560000.0,0.0,0.0,5250000.0,0.0,1690000.0,-130000.0,2720000.0,0.0,1160000.0,0.0,0.0,1160000.0,0.0,550000.0,610000.0,0.0,0.21181,0.21181,2880000.0,2880000.0,,
0,2000-09-30,GLBZ,2000-11-14 00:00:00,2000-11-14 00:00:00,Q3,3020000.0,1480000.0,3020000.0,1.0,0.0,2340000.0,0.0,0.0,3820000.0,0.0,1480000.0,490000.0,2660000.0,0.0,690000.0,0.0,0.0,690000.0,0.0,220000.0,470000.0,0.0,0.16434,0.16434,2860000.0,2860000.0,https://www.sec.gov/Archives/edgar/data/890066/000111635400000011/0001116354-00-000011-index.html,https://www.sec.gov/Archives/edgar/data/890066/000111635400000011/0001116354-00-000011-0001.txt
0,2000-06-30,GLBZ,2000-08-14 00:00:00,2000-08-14 00:00:00,Q2,3800000.0,1390000.0,3800000.0,1.0,0.0,2470000.0,0.0,0.0,3860000.0,0.0,1390000.0,200000.0,2920000.0,0.0,1330000.0,0.0,0.0,1330000.0,0.0,500000.0,830000.0,0.0,0.29123,0.29123,2850000.0,2850000.0,https://www.sec.gov/Archives/edgar/data/890066/000088981200003480/0000889812-00-003480-index.html,https://www.sec.gov/Archives/edgar/data/890066/000088981200003480/0000889812-00-003480-0001.txt
0,2000-03-31,GLBZ,2000-05-15 00:00:00,2000-05-15 00:00:00,Q1,2930000.0,1340000.0,2930000.0,1.0,0.0,2390000.0,0.0,0.0,3730000.0,0.0,1340000.0,190000.0,2070000.0,0.0,540000.0,0.0,0.0,540000.0,0.0,170000.0,370000.0,0.0,0.13028,0.13028,2840000.0,2840000.0,https://www.sec.gov/Archives/edgar/data/890066/000090428000000123/0000904280-00-000123-index.html,https://www.sec.gov/Archives/edgar/data/890066/0000904280-00-000123.txt
0,1999-12-31,GLBZ,,,Q4,4110000.0,1430000.0,4110000.0,1.0,0.0,2950000.0,0.0,0.0,4380000.0,0.0,1430000.0,319999.99999999994,2910000.0,0.0,1160000.0,0.0,0.0,1160000.0,0.0,670000.0,490000.0,0.0,0.15909,0.15909,3080000.0,3080000.0,,
0,1999-09-30,GLBZ,,,Q3,2940000.0,1410000.0,2940000.0,1.0,0.0,2310000.0,0.0,0.0,3720000.0,0.0,1410000.0,160000.00000000003,2190000.0,0.0,630000.0,0.0,0.0,630000.0,0.0,220000.0,400000.0,0.0,0.11869,0.11869,3370000.0,3370000.0,,
0,1999-06-30,GLBZ,,,Q2,2840000.0,1380000.0,2840000.0,1.0,0.0,2290000.0,0.0,0.0,3670000.0,0.0,1380000.0,149999.99999999997,2080000.0,0.0,550000.0,0.0,0.0,550000.0,0.0,190000.0,360000.0,0.0,0.10714,0.10714,3360000.0,3360000.0,,
0,1999-03-31,GLBZ,,,Q1,2860000.0,1410000.0,2860000.0,1.0,0.0,2570000.0,0.0,0.0,3980000.0,0.0,1410000.0,200000.0,1900000.0,0.0,300000.0,0.0,0.0,300000.0,0.0,100000.0,190000.0,0.0,0.05828,0.05828,3260000.0,3260000.0,,
0,1998-12-31,GLBZ,,,Q4,2940000.0,1500000.0,2940000.0,1.0,0.0,2480000.0,0.0,0.0,3980000.0,0.0,1500000.0,770000.0,2740000.0,0.0,460000.0,0.0,0.0,460000.0,0.0,380000.0,90000.0,0.0,0.02894,0.02894,3110000.0,3110000.0,,
0,1998-09-30,GLBZ,,,Q3,3000000.0,1540000.0,3000000.0,1.0,0.0,2100000.0,0.0,0.0,3640000.0,0.0,1540000.0,-10000.00000000001,2430000.0,0.0,900000.0,0.0,0.0,900000.0,0.0,380000.0,520000.0,0.0,0.15249,0.15249,3410000.0,3410000.0,,
0,1998-06-30,GLBZ,,,Q2,3010000.0,1520000.0,3010000.0,1.0,0.0,2640000.0,0.0,0.0,4160000.0,0.0,1520000.0,49999.99999999999,1940000.0,0.0,370000.0,0.0,0.0,370000.0,0.0,140000.0,230000.0,0.0,0.06765,0.06765,3400000.0,3400000.0,,
0,1998-03-31,GLBZ,,,Q1,3980000.0,1540000.0,3980000.0,1.0,0.0,4060000.0,0.0,0.0,5600000.0,0.0,1540000.0,140000.0,1590000.0,0.0,-90000.0,0.0,0.0,-90000.0,0.0,-90000.0,0.0,0.0,0.0,0.0,3400000.0,3400000.0,,
0,1997-12-31,GLBZ,,,Q4,2920000.0,1620000.0,2920000.0,1.0,0.0,2730000.0,0.0,0.0,4350000.0,0.0,1620000.0,400000.0,2200000.0,0.0,180000.0,0.0,0.0,180000.0,0.0,10000.0,170000.0,0.0,0.05,0.05,3400000.0,3400000.0,,
0,1997-09-30,GLBZ,,,Q3,3190000.0,1700000.0,3190000.0,1.0,0.0,3050000.0,0.0,0.0,4750000.0,0.0,1700000.0,-109999.99999999999,1730000.0,0.0,140000.0,0.0,0.0,140000.0,0.0,-50000.0,190000.0,0.0,0.05588,0.05588,3400000.0,3400000.0,,
0,1997-06-30,GLBZ,,,Q2,3080000.0,1760000.0,3080000.0,1.0,0.0,3340000.0,0.0,0.0,5100000.0,0.0,1760000.0,160000.0,1660000.0,0.0,-260000.0,0.0,0.0,-260000.0,0.0,-270000.0,10000.0,0.0,0.00294,0.00294,3400000.0,3400000.0,,
