,date,symbol,fillingDate,acceptedDate,period,revenue,costOfRevenue,grossProfit,grossProfitRatio,researchAndDevelopmentExpenses,generalAndAdministrativeExpenses,sellingAndMarketingExpenses,otherExpenses,operatingExpenses,costAndExpenses,interestExpense,depreciationAndAmortization,ebitda,ebitdaratio,operatingIncome,operatingIncomeRatio,totalOtherIncomeExpensesNet,incomeBeforeTax,incomeBeforeTaxRatio,incomeTaxExpense,netIncome,netIncomeRatio,eps,epsdiluted,weightedAverageShsOut,weightedAverageShsOutDil,link,finalLink
0,2020-09-30,PBCT,2020-11-06,2020-11-06 11:16:34,Q3,492500000,0.0,0.0,0.0,0.0,193400000,2600000.0,0.0,0.0,0.0,45400000,0.0,0.0,0.0,0.0,0.3494416243654822,0.0,172100000,0.3494416243654822,27500000,144600000,0.2936040609137056,0.34,0.34,418000000,420200000,https://www.sec.gov/Archives/edgar/data/1378946/000162828020015884/0001628280-20-015884-index.htm,https://www.sec.gov/Archives/edgar/data/1378946/000162828020015884/pbct-20200930.htm
0,2020-06-30,PBCT,2020-08-10,2020-08-10 15:14:30,Q2,495200000,0.0,0.0,0.0,0.0,194400000,2500000.0,0.0,0.0,0.0,52000000,0.0,0.0,0.0,0.0,0.22294022617124395,0.0,110400000,0.22294022617124395,20500000,89900000,0.1815428109854604,0.21,0.21,417900000,420100000,https://www.sec.gov/Archives/edgar/data/1378946/000162828020012315/0001628280-20-012315-index.htm,https://www.sec.gov/Archives/edgar/data/1378946/000162828020012315/pbct-20200630.htm
0,2020-03-31,PBCT,2020-05-11,2020-05-11 15:50:23,Q1,519800000,0.0,0.0,0.0,0.0,203100000,3800000.0,0.0,0.0,0.0,103100000,0.0,0.0,0.0,0.0,0.31973836090804153,0.0,166200000,0.31973836090804153,35800000,130400000,0.25086571758368603,0.3,0.3,427200000,429800000,https://www.sec.gov/Archives/edgar/data/1378946/000162828020007419/0001628280-20-007419-index.htm,https://www.sec.gov/Archives/edgar/data/1378946/000162828020002693/pbct-20191231.htm
0,2019-12-31,PBCT,2020-03-02,2020-03-02 16:16:33,Q4,506900000,0.0,0.0,0.0,0.0,199600000,4500000.0,0.0,0.0,0.0,114100000,0.0,0.0,0.0,0.0,0.34306569343065696,0.0,173900000,0.34306569343065696,36500000,137400000,0.27105938054843165,0.31,0.31,432258065,432258065,https://www.sec.gov/Archives/edgar/data/1378946/000162828020002693/0001628280-20-002693-index.htm,https://www.sec.gov/Archives/edgar/data/1378946/000162828020002693/pbct-20191231.htm
0,2019-09-30,PBCT,2019-11-12,2019-11-12 13:37:12,Q3,454700000,0.0,0.0,0.0,0.0,184600000,4400000.0,0.0,0.0,0.0,122200000,0.0,0.0,0.0,0.0,0.36397624807565426,0.0,165500000,0.36397624807565426,30400000,135100000,0.29711897954695404,0.34,0.33,387058824,394450000,https://www.sec.gov/Archives/edgar/data/1378946/000162828019013934/0001628280-19-013934-index.htm,https://www.sec.gov/Archives/edgar/data/1378946/000162828019013934/pbct-20190930.htm
0,2019-06-30,PBCT,2019-08-09,2019-08-09 12:24:43,Q2,454400000,0.0,0.0,0.0,0.0,177700000,0.0,0.0,0.0,0.0,124700000,0.0,0.0,0.0,0.0,0.37059859154929575,0.0,168400000,0.37059859154929575,35200000,133200000,0.29313380281690143,0.33,0.33,393030303,394570000,https://www.sec.gov/Archives/edgar/data/1378946/000162828019010552/0001628280-19-010552-index.htm,https://www.sec.gov/Archives/edgar/data/1378946/000162828019010552/pbct-20190630.htm
0,2019-03-31,PBCT,2019-05-10,2019-05-10 12:37:24,Q1,427400000,0.0,0.0,0.0,0.0,181600000,3300000.0,0.0,0.0,0.0,107700000,0.0,0.0,0.0,0.0,0.3383247543284979,0.0,144600000,0.3383247543284979,30000000,114600000,0.26813289658399625,0.3,0.3,370333333,374090000,https://www.sec.gov/Archives/edgar/data/1378946/000162828019006511/0001628280-19-006511-index.htm,https://www.sec.gov/Archives/edgar/data/1378946/000119312519060912/d688796d10k.htm
0,2018-12-31,PBCT,2019-03-01,2019-03-01 16:11:42,Q4,421400000,0.0,0.0,0.0,0.0,180100000,5100000.0,0.0,0.0,0.0,99200000,0.0,0.0,0.0,0.0,0.35310868533459894,0.0,148800000,0.35310868533459894,15800000,133000000,0.31561461794019935,0.35,0.35,369714286,372830000,https://www.sec.gov/Archives/edgar/data/1378946/000119312519060912/0001193125-19-060912-index.htm,https://www.sec.gov/Archives/edgar/data/1378946/000119312519060912/d688796d10k.htm
0,2018-09-30,PBCT,2018-11-09,2018-11-09 12:59:29,Q3,398700000,0.0,0.0,0.0,0.0,164700000,3900000.0,0.0,0.0,0.0,83600000,0.0,0.0,0.0,0.0,0.3742162026586406,0.0,149200000,0.3742162026586406,32200000,117000000,0.29345372460496616,0.33,0.33,343939394,345040000,https://www.sec.gov/Archives/edgar/data/1378946/000119312518323479/0001193125-18-323479-index.htm,https://www.sec.gov/Archives/edgar/data/1378946/000119312518323479/d633860d10q.htm
0,2018-06-30,PBCT,2018-08-09,2018-08-09 11:26:12,Q2,396100000,0.0,0.0,0.0,0.0,164000000,4200000.0,0.0,0.0,0.0,74200000,0.0,0.0,0.0,0.0,0.35597071446604395,0.0,141000000,0.35597071446604395,30800000,110200000,0.2782125725826811,0.31,0.31,344193548,344470000,https://www.sec.gov/Archives/edgar/data/1378946/000119312518243842/0001193125-18-243842-index.htm,https://www.sec.gov/Archives/edgar/data/1378946/000119312518243842/d645386d10q.htm
0,2018-03-31,PBCT,2018-05-10,2018-05-10 14:24:29,Q1,386200000,0.0,0.0,0.0,0.0,168900000,2600000.0,0.0,0.0,0.0,63300000,0.0,0.0,0.0,0.0,0.3555152770585189,0.0,137300000,0.3555152770585189,29400000,107900000,0.2793889176592439,0.31,0.3,336774194,344000000,https://www.sec.gov/Archives/edgar/data/1378946/000119312518158976/0001193125-18-158976-index.htm,https://www.sec.gov/Archives/edgar/data/1378946/000119312518067489/d474272d10k.htm
0,2017-12-31,PBCT,2018-03-01,2018-03-01 17:01:54,Q4,379700000,0.0,0.0,0.0,0.0,161200000,3900000.0,0.0,0.0,0.0,58300000,0.0,0.0,0.0,0.0,0.34869633921516985,0.0,132400000,0.34869633921516985,26100000,106300000,0.27995786146958124,0.3,0.3,342333333,342333333,https://www.sec.gov/Archives/edgar/data/1378946/000119312518067489/0001193125-18-067489-index.htm,https://www.sec.gov/Archives/edgar/data/1378946/000119312518067489/d474272d10k.htm
0,2017-09-30,PBCT,2017-11-09,2017-11-09 10:52:31,Q3,373900000,0.0,0.0,0.0,0.0,155200000,3100000.0,0.0,0.0,0.0,54600000,0.0,0.0,0.0,0.0,0.34715164482481947,0.0,129800000,0.34715164482481947,39000000,90800000,0.24284568066327894,0.26,0.26,335769231,338820000,https://www.sec.gov/Archives/edgar/data/1378946/000119312517338304/0001193125-17-338304-index.htm,https://www.sec.gov/Archives/edgar/data/1378946/000119312517338304/d462847d10q.htm
0,2017-06-30,PBCT,2017-08-09,2017-08-09 13:59:12,Q2,366500000,0.0,0.0,0.0,0.0,157800000,3100000.0,0.0,0.0,0.0,47100000,0.0,0.0,0.0,0.0,0.27858117326057297,0.0,102100000,0.27858117326057297,32800000,69300000,0.18908594815825375,0.19,0.19,346315789,346315789,https://www.sec.gov/Archives/edgar/data/1378946/000119312517252528/0001193125-17-252528-index.htm,https://www.sec.gov/Archives/edgar/data/1378946/000119312517252528/d420209d10q.htm
0,2017-03-31,PBCT,2017-05-10,2017-05-10 15:55:12,Q1,333300000,0.0,0.0,0.0,0.0,152100000,2500000.0,0.0,0.0,0.0,41900000,0.0,0.0,0.0,0.0,0.3084308430843084,0.0,102800000,0.3084308430843084,32000000,70800000,0.21242124212421243,0.22,0.22,305909091,311080000,https://www.sec.gov/Archives/edgar/data/1378946/000119312517165806/0001193125-17-165806-index.htm,https://www.sec.gov/Archives/edgar/data/1378946/000119312517065121/d293576d10k.htm
0,2016-12-31,PBCT,2017-03-01,2017-03-01 14:38:37,Q4,331000000,0.0,0.0,0.0,0.0,144100000,3100000.0,0.0,0.0,0.0,39500000,0.0,0.0,0.0,0.0,0.32054380664652565,0.0,106100000,0.32054380664652565,30200000,75900000,0.22930513595166163,0.24,0.24,308750000,308750000,https://www.sec.gov/Archives/edgar/data/1378946/000119312517065121/0001193125-17-065121-index.htm,https://www.sec.gov/Archives/edgar/data/1378946/000119312517065121/d293576d10k.htm
0,2016-09-30,PBCT,2016-11-09,2016-11-09 13:32:13,Q3,336100000,0.0,0.0,0.0,0.0,143300000,3000000.0,0.0,0.0,0.0,39200000,0.0,0.0,0.0,0.0,0.31627491817911335,0.0,106300000,0.31627491817911335,32600000,73700000,0.21927997619756026,0.24,0.24,303240000,303240000,https://www.sec.gov/Archives/edgar/data/1378946/000119312516764089/0001193125-16-764089-index.htm,https://www.sec.gov/Archives/edgar/data/1378946/000119312516764089/d245465d10q.htm
0,2016-06-30,PBCT,2016-08-09,2016-08-09 15:05:42,Q2,325400000,0.0,0.0,0.0,0.0,137400000,2800000.0,0.0,0.0,0.0,38500000,0.0,0.0,0.0,0.0,0.3149969268592501,0.0,102500000,0.3149969268592501,34000000,68500000,0.2105101413644745,0.23,0.23,297826087,302480000,https://www.sec.gov/Archives/edgar/data/1378946/000119312516676617/0001193125-16-676617-index.htm,https://www.sec.gov/Archives/edgar/data/1378946/000119312516676617/d221059d10q.htm
0,2016-03-31,PBCT,2016-05-10,2016-05-10 15:46:25,Q1,322400000,0.0,0.0,0.0,0.0,138100000,2300000.0,0.0,0.0,0.0,37900000,0.0,0.0,0.0,0.0,0.293424317617866,0.0,94600000,0.293424317617866,31700000,62900000,0.19509925558312655,0.21,0.21,299523810,301860000,https://www.sec.gov/Archives/edgar/data/1378946/000119312516585535/0001193125-16-585535-index.htm,https://www.sec.gov/Archives/edgar/data/1378946/000119312516485012/d30733d10k.htm
0,2015-12-31,PBCT,2016-02-29,2016-02-29 15:14:13,Q4,322900000,0.0,0.0,0.0,0.0,136400000,3000000.0,0.0,0.0,0.0,35400000,0.0,0.0,0.0,0.0,0.32641684732115206,0.0,105400000,0.32641684732115206,34600000,70800000,0.2192629296995974,0.23,0.23,307826087,307826087,https://www.sec.gov/Archives/edgar/data/1378946/000119312516485012/0001193125-16-485012-index.htm,https://www.sec.gov/Archives/edgar/data/1378946/000119312516485012/d30733d10k.htm
0,2015-09-30,PBCT,2015-11-09,2015-11-09 15:14:00,Q3,321900000,0.0,0.0,0.0,0.0,140000000,3200000.0,0.0,0.0,0.0,35100000,0.0,0.0,0.0,0.0,0.3153153153153153,0.0,101500000,0.3153153153153153,33100000,68400000,0.2124883504193849,0.23,0.23,297391304,301000000,https://www.sec.gov/Archives/edgar/data/1378946/000119312515371797/0001193125-15-371797-index.htm,https://www.sec.gov/Archives/edgar/data/1378946/000119312515371797/d33965d10q.htm
0,2015-06-30,PBCT,2015-08-10,2015-08-10 14:07:24,Q2,313400000,0.0,0.0,0.0,0.0,135800000,3500000.0,0.0,0.0,0.0,34100000,0.0,0.0,0.0,0.0,0.299617102744097,0.0,93900000,0.299617102744097,32200000,61700000,0.19687300574345884,0.2,0.2,308500000,308500000,https://www.sec.gov/Archives/edgar/data/1378946/000119312515284533/0001193125-15-284533-index.htm,https://www.sec.gov/Archives/edgar/data/1378946/000119312515284533/d949454d10q.htm
0,2015-03-31,PBCT,2015-05-11,2015-05-11 15:12:21,Q1,317100000,0.0,0.0,0.0,0.0,140500000,2300000.0,0.0,0.0,0.0,32200000,0.0,0.0,0.0,0.0,0.282876064333018,0.0,89700000,0.282876064333018,30500000,59200000,0.18669189530116684,0.2,0.2,296000000,299150000,https://www.sec.gov/Archives/edgar/data/1378946/000119312515181722/0001193125-15-181722-index.htm,https://www.sec.gov/Archives/edgar/data/1378946/000119312515073217/d837282d10k.htm
0,2014-12-31,PBCT,2015-03-02,2015-03-02 16:02:53,Q4,314900000,0.0,0.0,0.0,0.0,135300000,3700000.0,0.0,0.0,0.0,31500000,0.0,0.0,0.0,0.0,0.30898697999364877,0.0,97300000,0.30898697999364877,32600000,64700000,0.20546205144490315,0.22,0.22,294090909,298650000,https://www.sec.gov/Archives/edgar/data/1378946/000119312515073217/0001193125-15-073217-index.htm,https://www.sec.gov/Archives/edgar/data/1378946/000119312515073217/d837282d10k.htm
0,2014-09-30,PBCT,2014-11-10,2014-11-10 14:54:54,Q3,312500000,0.0,0.0,0.0,0.0,133700000,3600000.0,0.0,0.0,0.0,30400000,0.0,0.0,0.0,0.0,0.29216,0.0,91300000,0.29216,29700000,61600000,0.19712,0.21,0.21,293333333,298440000,https://www.sec.gov/Archives/edgar/data/1378946/000119312514405654/0001193125-14-405654-index.htm,https://www.sec.gov/Archives/edgar/data/1378946/000119312514405654/d778123d10q.htm
0,2014-06-30,PBCT,2014-08-11,2014-08-11 14:18:29,Q2,307700000,0.0,0.0,0.0,0.0,135200000,3200000.0,0.0,0.0,0.0,28500000,0.0,0.0,0.0,0.0,0.36139096522586933,0.0,111200000,0.36139096522586933,38900000,72300000,0.2349691257718557,0.24,0.24,301250000,301250000,https://www.sec.gov/Archives/edgar/data/1378946/000119312514304566/0001193125-14-304566-index.htm,https://www.sec.gov/Archives/edgar/data/1378946/000119312514304566/d751158d10q.htm
0,2014-03-31,PBCT,2014-05-12,2014-05-12 15:32:55,Q1,307000000,0.0,0.0,0.0,0.0,129400000,2500000.0,0.0,0.0,0.0,28300000,0.0,0.0,0.0,0.0,0.26319218241042347,0.0,80800000,0.26319218241042347,27700000,53100000,0.17296416938110748,0.18,0.18,295000000,297720000,https://www.sec.gov/Archives/edgar/data/1378946/000119312514194681/0001193125-14-194681-index.htm,https://www.sec.gov/Archives/edgar/data/1378946/000119312514079583/d644987d10k.htm
0,2013-12-31,PBCT,2014-03-03,2014-03-03 12:54:46,Q4,305100000,0.0,0.0,0.0,0.0,124600000,3600000.0,0.0,0.0,0.0,28500000,0.0,0.0,0.0,0.0,0.2831858407079646,0.0,86400000,0.2831858407079646,27100000,59300000,0.19436250409701736,0.2,0.2,296500000,302170000,https://www.sec.gov/Archives/edgar/data/1378946/000119312514079583/0001193125-14-079583-index.htm,https://www.sec.gov/Archives/edgar/data/1378946/000119312514079583/d644987d10k.htm
0,2013-09-30,PBCT,2013-11-12,2013-11-12 13:20:20,Q3,307500000,0.0,0.0,0.0,0.0,124600000,4600000.0,0.0,0.0,0.0,28700000,0.0,0.0,0.0,0.0,0.26959349593495935,0.0,82900000,0.26959349593495935,24400000,58500000,0.1902439024390244,0.19,0.19,307894737,307894737,https://www.sec.gov/Archives/edgar/data/1378946/000119312513437796/0001193125-13-437796-index.htm,https://www.sec.gov/Archives/edgar/data/1378946/000119312513437796/d598829d10q.htm
0,2013-06-30,PBCT,2013-08-09,2013-08-09 13:40:28,Q2,307000000,0.0,0.0,0.0,0.0,121900000,4500000.0,0.0,0.0,0.0,29200000,0.0,0.0,0.0,0.0,0.2996742671009772,0.0,92000000,0.2996742671009772,29900000,62100000,0.2022801302931596,0.2,0.2,310500000,313520000,https://www.sec.gov/Archives/edgar/data/1378946/000119312513328781/0001193125-13-328781-index.htm,https://www.sec.gov/Archives/edgar/data/1378946/000119312513328781/d550050d10q.htm
0,2013-03-31,PBCT,2013-05-10,2013-05-10 11:47:22,Q1,302200000,0.0,0.0,0.0,0.0,123600000,2700000.0,0.0,0.0,0.0,29400000,0.0,0.0,0.0,0.0,0.257445400397088,0.0,77800000,0.257445400397088,25300000,52500000,0.17372600926538717,0.16,0.16,328125000,328125000,https://www.sec.gov/Archives/edgar/data/1378946/000119312513213084/0001193125-13-213084-index.htm,https://www.sec.gov/Archives/edgar/data/1378946/000119312513087415/d453671d10k.htm
0,2012-12-31,PBCT,2013-03-01,2013-03-01 15:04:34,Q4,309400000,0.0,0.0,0.0,0.0,137600000,0.0,0.0,0.0,0.0,26900000,7500000.0,0.0,0.0,0.0,0.2908855850032321,0.0,90000000,0.2908855850032321,28800000,61200000,0.1978021978021978,0.18,0.18,340000000,340000000,https://www.sec.gov/Archives/edgar/data/1378946/000119312513087415/0001193125-13-087415-index.htm,https://www.sec.gov/Archives/edgar/data/1378946/000119312513087415/d453671d10k.htm
0,2012-09-30,PBCT,2012-11-02,2012-11-02 12:42:27,Q3,316200000,0.0,0.0,0.0,0.0,106700000,0.0,0.0,0.0,0.0,25500000,0.0,0.0,0.0,0.0,0.2915876027830487,0.0,92200000,0.2915876027830487,30000000,62200000,0.19671094244149273,0.18,0.18,336480000,336480000,https://www.sec.gov/Archives/edgar/data/1378946/000119312512448582/0001193125-12-448582-index.htm,https://www.sec.gov/Archives/edgar/data/1378946/000119312512448582/d410399d10q.htm
0,2012-06-30,PBCT,2012-08-09,2012-08-09 13:33:26,Q2,311700000,0.0,0.0,0.0,0.0,104500000,0.0,0.0,0.0,0.0,26800000,0.0,0.0,0.0,0.0,0.3060635226179018,0.0,95400000,0.3060635226179018,30600000,64800000,0.2078922040423484,0.19,0.19,340670000,340670000,https://www.sec.gov/Archives/edgar/data/1378946/000119312512346749/0001193125-12-346749-index.htm,https://www.sec.gov/Archives/edgar/data/1378946/000119312512346749/d366185d10q.htm
0,2012-03-31,PBCT,2012-05-10,2012-05-10 16:48:11,Q1,307500000,0.0,0.0,0.0,0.0,110300000,0.0,0.0,0.0,0.0,27000000,0.0,0.0,0.0,0.0,0.2842276422764228,0.0,87400000,0.2842276422764228,28800000,58600000,0.19056910569105692,0.17,0.17,344970000,344970000,https://www.sec.gov/Archives/edgar/data/1378946/000119312512225783/0001193125-12-225783-index.htm,https://www.sec.gov/Archives/edgar/data/1378946/000119312512089553/d269032d10k.htm
0,2011-12-31,PBCT,2012-02-29,2012-02-29 17:09:42,Q4,313800000,0.0,0.0,0.0,0.0,111000000,0.0,0.0,0.0,0.0,30400000,0.0,0.0,0.0,0.0,0.2004461440407903,0.0,62900000,0.2004461440407903,19900000,43000000,0.13702995538559593,0.0,0.0,0.0,0.0,https://www.sec.gov/Archives/edgar/data/1378946/000119312512089553/0001193125-12-089553-index.htm,https://www.sec.gov/Archives/edgar/data/1378946/000119312512089553/d269032d10k.htm
0,2011-09-30,PBCT,2011-11-09,2011-11-09 16:32:31,Q3,324700000,0.0,0.0,0.0,0.0,110100000,0.0,0.0,0.0,0.0,34000000,0.0,0.0,0.0,0.0,0.2414536495226363,0.0,78400000,0.2414536495226363,25500000,52900000,0.16291961810902372,0.15,0.15,358280000,358280000,https://www.sec.gov/Archives/edgar/data/1378946/000119312511304637/0001193125-11-304637-index.htm,https://www.sec.gov/Archives/edgar/data/1378946/000119312511304637/d235561d10q.htm
0,2011-06-30,PBCT,2011-08-09,2011-08-09 15:38:22,Q2,297800000,0.0,0.0,0.0,0.0,102500000,0.0,0.0,0.0,0.0,31600000,0.0,0.0,0.0,0.0,0.25789120214909333,0.0,76800000,0.25789120214909333,25600000,51200000,0.17192746809939558,0.15,0.15,343880000,343880000,https://www.sec.gov/Archives/edgar/data/1378946/000119312511216402/0001193125-11-216402-index.htm,https://www.sec.gov/Archives/edgar/data/1378946/000119312511216402/d10q.htm
0,2011-03-31,PBCT,2011-05-10,2011-05-10 16:17:21,Q1,294900000,0.0,0.0,0.0,0.0,105400000,0.0,0.0,0.0,0.0,32500000,0.0,0.0,0.0,0.0,0.2628009494743981,0.0,77500000,0.2628009494743981,25800000,51700000,0.17531366564937267,0.15,0.15,344666667,346010000,https://www.sec.gov/Archives/edgar/data/1378946/000119312511134227/0001193125-11-134227-index.htm,https://www.sec.gov/Archives/edgar/data/1378946/000119312511052040/d10k.htm
0,2010-12-31,PBCT,2011-03-01,2011-03-01 16:03:36,Q4,265700000,0.0,0.0,0.0,0.0,103600000,5300000.0,0.0,0.0,0.0,31000000,0.0,0.0,0.0,0.0,0.18027850959729017,0.0,47900000,0.18027850959729017,15900000,32000000,0.12043658261196838,0.0,0.0,0.0,0.0,https://www.sec.gov/Archives/edgar/data/1378946/000119312511052040/0001193125-11-052040-index.htm,https://www.sec.gov/Archives/edgar/data/1378946/000119312511052040/d10k.htm
0,2010-09-30,PBCT,2010-11-09,2010-11-09 13:42:10,Q3,251700000,0.0,0.0,0.0,0.0,99000000,5800000.0,0.0,0.0,0.0,31700000,0.0,0.0,0.0,0.0,0.14183551847437426,0.0,35700000,0.14183551847437426,11600000,24100000,0.09574890742947954,0.07,0.07,354990000,354990000,https://www.sec.gov/Archives/edgar/data/1378946/000119312510253803/0001193125-10-253803-index.htm,https://www.sec.gov/Archives/edgar/data/1378946/000119312510253803/d10q.htm
0,2010-06-30,PBCT,2010-08-09,2010-08-09 13:56:09,Q2,250600000,0.0,0.0,0.0,0.0,97900000,5300000.0,0.0,0.0,0.0,33100000,0.0,0.0,0.0,0.0,0.09177972865123703,0.0,23000000,0.09177972865123703,7000000.0,16000000,0.06384676775738228,0.04,0.04,400000000,400000000,https://www.sec.gov/Archives/edgar/data/1378946/000119312510183054/0001193125-10-183054-index.htm,https://www.sec.gov/Archives/edgar/data/1378946/000119312510183054/d10q.htm
0,2010-03-31,PBCT,2010-05-10,2010-05-10 15:10:06,Q1,230200000,0.0,0.0,0.0,0.0,101100000,4800000.0,0.0,0.0,0.0,34000000,0.0,0.0,0.0,0.0,0.08861859252823631,0.0,20400000,0.08861859252823631,6800000.0,13600000,0.059079061685490875,0.04,0.04,340000000,340000000,https://www.sec.gov/Archives/edgar/data/1378946/000119312510114443/0001193125-10-114443-index.htm,https://www.sec.gov/Archives/edgar/data/1378946/000119312510044584/d10k.htm
0,2009-12-31,PBCT,2010-03-01,2010-03-01 15:28:14,Q4,219200000,0.0,0.0,0.0,0.0,94400000,5200000.0,0.0,0.0,0.0,40000000,0.0,0.0,0.0,0.0,0.15237226277372262,0.0,33400000,0.15237226277372262,8500000.0,24900000,0.1135948905109489,0.0,0.0,0.0,0.0,https://www.sec.gov/Archives/edgar/data/1378946/000119312510044584/0001193125-10-044584-index.htm,https://www.sec.gov/Archives/edgar/data/1378946/000119312510044584/d10k.htm
0,2009-09-30,PBCT,2009-11-09,2009-11-09 13:45:13,Q3,225500000,0.0,0.0,0.0,0.0,91700000,5700000.0,0.0,0.0,0.0,46600000,0.0,0.0,0.0,0.0,0.17250554323725056,0.0,38900000,0.17250554323725056,12100000,26800000,0.1188470066518847,0.077659,0.077659,331700000,333380000,https://www.sec.gov/Archives/edgar/data/1378946/000119312509229024/0001193125-09-229024-index.htm,https://www.sec.gov/Archives/edgar/data/1378946/000119312509229024/d10q.htm
0,2009-06-30,PBCT,2009-08-10,2009-08-10 14:21:18,Q2,226200000,0.0,0.0,0.0,0.0,86600000,0.0,0.0,0.0,0.0,51000000,0.0,0.0,0.0,0.0,0.17285587975243147,0.0,39100000,0.17285587975243147,11700000,27400000,0.121131741821397,0.07942,0.07942,331600000,342500000,https://www.sec.gov/Archives/edgar/data/1378946/000119312509170393/0001193125-09-170393-index.htm,https://www.sec.gov/Archives/edgar/data/1378946/000119312509170393/d10q.htm
0,2009-03-31,PBCT,2009-05-11,2009-05-11 17:19:25,Q1,215000000,0.0,0.0,0.0,0.0,88700000,0.0,0.0,0.0,0.0,52400000,0.0,0.0,0.0,0.0,0.18372093023255814,0.0,39500000,0.18372093023255814,12800000,26700000,0.1241860465116279,0.08,0.08,331600000,332800000,https://www.sec.gov/Archives/edgar/data/1378946/000119312509107359/0001193125-09-107359-index.htm,https://www.sec.gov/Archives/edgar/data/1378946/000119312509042663/d10k.htm
0,2008-12-31,PBCT,2009-03-02,2009-03-02 16:48:30,Q4,227000000,0.0,0.0,0.0,0.0,83200000,0.0,0.0,0.0,0.0,59100000,0.0,0.0,0.0,0.0,0.23259911894273128,0.0,52800000,0.23259911894273128,17400000,35400000,0.15594713656387665,0.0,0.0,0.0,0.0,https://www.sec.gov/Archives/edgar/data/1378946/000119312509042663/0001193125-09-042663-index.htm,https://www.sec.gov/Archives/edgar/data/1378946/000119312509042663/d10k.htm
0,2008-09-30,PBCT,2008-11-07,2008-11-07 16:06:33,Q3,234000000,0.0,0.0,0.0,0.0,85600000,0.0,0.0,0.0,0.0,62600000,0.0,0.0,0.0,0.0,0.29273504273504275,0.0,68500000,0.29273504273504275,22500000,46000000,0.19658119658119658,0.14,0.14,329700000,331300000,https://www.sec.gov/Archives/edgar/data/1378946/000119312508229999/0001193125-08-229999-index.htm,https://www.sec.gov/Archives/edgar/data/1378946/000119312508229999/d10q.htm
0,2008-06-30,PBCT,2008-08-08,2008-08-08 14:56:31,Q2,230400000,0.0,0.0,0.0,0.0,86700000,0.0,0.0,0.0,0.0,70500000,0.0,0.0,0.0,0.0,0.2825520833333333,0.0,65100000,0.2825520833333333,22100000,43000000,0.18663194444444445,0.13,0.13,328700000,330200000,https://www.sec.gov/Archives/edgar/data/1378946/000119312508171771/0001193125-08-171771-index.htm,https://www.sec.gov/Archives/edgar/data/1378946/000119312508171771/d10q.htm
0,2008-03-31,PBCT,2008-05-12,2008-05-12 16:46:35,Q1,248600000,0.0,0.0,0.0,0.0,89100000,0.0,0.0,0.0,0.0,88600000,0.0,0.0,0.0,0.0,0.08487530168946097,0.0,21100000,0.08487530168946097,6000000.0,15100000,0.06074014481094127,0.05,0.05,302000000,302000000,https://www.sec.gov/Archives/edgar/data/1378946/000119312508111647/0001193125-08-111647-index.htm,https://www.sec.gov/Archives/edgar/data/1378946/000119312508043707/d10k.htm
0,2007-12-31,PBCT,2008-02-29,2008-02-29 16:23:59,Q4,171100000,0.0,0.0,0.0,0.0,56300000,0.0,0.0,0.0,0.0,55700000,0.0,0.0,0.0,0.0,0.3985973115137347,0.0,68200000,0.3985973115137347,22500000,44500000,0.26008182349503217,0.0,0.0,0.0,0.0,https://www.sec.gov/Archives/edgar/data/1378946/000119312508043707/0001193125-08-043707-index.htm,https://www.sec.gov/Archives/edgar/data/1378946/000119312508043707/d10k.htm
0,2007-09-30,PBCT,2007-11-09,2007-11-09 14:38:14,Q3,184500000,0.0,0.0,0.0,0.0,53100000,0.0,0.0,0.0,0.0,55100000,0.0,0.0,0.0,0.0,0.46883468834688347,0.0,86500000,0.46883468834688347,29200000,57600000,0.3121951219512195,0.2,0.2,289700000,290800000,https://www.sec.gov/Archives/edgar/data/1378946/000119312507242150/0001193125-07-242150-index.htm,https://www.sec.gov/Archives/edgar/data/1378946/000119312507242150/d10q.htm
0,2007-06-30,PBCT,2007-08-09,2007-08-09 16:06:12,Q2,177500000,0.0,0.0,0.0,0.0,54900000,0.0,0.0,0.0,0.0,55500000,0.0,0.0,0.0,0.0,0.11267605633802817,0.0,20000000,0.11267605633802817,6900000.0,13500000,0.07605633802816901,0.05,0.05,270000000,270000000,https://www.sec.gov/Archives/edgar/data/1378946/000119312507177453/0001193125-07-177453-index.htm,https://www.sec.gov/Archives/edgar/data/1378946/000119312507177453/d10q.htm
