,date,symbol,fillingDate,acceptedDate,period,revenue,costOfRevenue,grossProfit,grossProfitRatio,researchAndDevelopmentExpenses,generalAndAdministrativeExpenses,sellingAndMarketingExpenses,otherExpenses,operatingExpenses,costAndExpenses,interestExpense,depreciationAndAmortization,ebitda,ebitdaratio,operatingIncome,operatingIncomeRatio,totalOtherIncomeExpensesNet,incomeBeforeTax,incomeBeforeTaxRatio,incomeTaxExpense,netIncome,netIncomeRatio,eps,epsdiluted,weightedAverageShsOut,weightedAverageShsOutDil,link,finalLink
0,2019-09-31,DFN.TO,,2019-09-31,Q3,30099962.75,0.0,0.0,0.0,0.0,670399.25,0.0,0.0,249964.0,0.0,0.0,0.0,0.0,0.0,0.0,0.0,0.0,29179599.5,1.0315413256443084,0.0,29179599.5,1.0315413256443084,0.4575,0.4575,49327552,49327552,https://www.sedar.com/ModifyCompanyDocumentSearchForm.do?lang=EN&company_search=Dividend 15 Split Corp&document_selection=0&industry_group=A&FromDate=13&FromMonth=05&FromYear=2000&ToDate=13&ToMonth=11&ToYear=2020&Variable=Issuer,https://www.sedar.com/ModifyCompanyDocumentSearchForm.do?lang=EN&company_search=Dividend 15 Split Corp&document_selection=0&industry_group=A&FromDate=13&FromMonth=05&FromYear=2000&ToDate=13&ToMonth=11&ToYear=2020&Variable=Issuer
0,2019-06-31,DFN.TO,,2019-06-31,Q2,30099962.75,0.0,0.0,0.0,0.0,670399.25,0.0,0.0,249964.0,0.0,0.0,0.0,0.0,0.0,0.0,0.0,0.0,29179599.5,1.0315413256443084,0.0,29179599.5,1.0315413256443084,0.4575,0.4575,49327552,49327552,https://www.sedar.com/ModifyCompanyDocumentSearchForm.do?lang=EN&company_search=Dividend 15 Split Corp&document_selection=0&industry_group=A&FromDate=13&FromMonth=05&FromYear=2000&ToDate=13&ToMonth=11&ToYear=2020&Variable=Issuer,https://www.sedar.com/ModifyCompanyDocumentSearchForm.do?lang=EN&company_search=Dividend 15 Split Corp&document_selection=0&industry_group=A&FromDate=13&FromMonth=05&FromYear=2000&ToDate=13&ToMonth=11&ToYear=2020&Variable=Issuer
0,2019-03-31,DFN.TO,,2019-03-31,Q1,30099962.75,0.0,0.0,0.0,0.0,670399.25,0.0,0.0,249964.0,0.0,0.0,0.0,0.0,0.0,0.0,0.0,0.0,29179599.5,1.0315413256443084,0.0,29179599.5,1.0315413256443084,0.4575,0.4575,49327552,49327552,https://www.sedar.com/ModifyCompanyDocumentSearchForm.do?lang=EN&company_search=Dividend 15 Split Corp&document_selection=0&industry_group=A&FromDate=13&FromMonth=05&FromYear=2000&ToDate=13&ToMonth=11&ToYear=2020&Variable=Issuer,https://www.sedar.com/ModifyCompanyDocumentSearchForm.do?lang=EN&company_search=Dividend 15 Split Corp&document_selection=0&industry_group=A&FromDate=13&FromMonth=05&FromYear=2000&ToDate=13&ToMonth=11&ToYear=2020&Variable=Issuer
0,2019-01-31,DFN.TO,,2019-01-31,Q1,30099962.75,0.0,0.0,0.0,0.0,670399.25,0.0,0.0,249964.0,0.0,0.0,0.0,0.0,0.0,0.0,0.0,0.0,29179599.5,1.0315413256443084,0.0,29179599.5,1.0315413256443084,0.4575,0.4575,49327552,49327552,https://www.sedar.com/ModifyCompanyDocumentSearchForm.do?lang=EN&company_search=Dividend 15 Split Corp&document_selection=0&industry_group=A&FromDate=13&FromMonth=05&FromYear=2000&ToDate=13&ToMonth=11&ToYear=2020&Variable=Issuer,https://www.sedar.com/ModifyCompanyDocumentSearchForm.do?lang=EN&company_search=Dividend 15 Split Corp&document_selection=0&industry_group=A&FromDate=13&FromMonth=05&FromYear=2000&ToDate=13&ToMonth=11&ToYear=2020&Variable=Issuer
0,2018-09-31,DFN.TO,,2018-09-31,Q3,-5448668.0,0.0,0.0,0.0,0.0,618171.75,0.0,0.0,235090.25,0.0,0.0,0.0,0.0,0.0,0.0,0.0,0.0,-6301930.0,0.8646030660448466,0.0,-6301930.0,0.8646030660448466,-0.275,-0.275,43995063,43995063,https://www.sedar.com/ModifyCompanyDocumentSearchForm.do?lang=EN&company_search=Dividend 15 Split Corp&document_selection=0&industry_group=A&FromDate=13&FromMonth=05&FromYear=2000&ToDate=13&ToMonth=11&ToYear=2020&Variable=Issuer,https://www.sedar.com/ModifyCompanyDocumentSearchForm.do?lang=EN&company_search=Dividend 15 Split Corp&document_selection=0&industry_group=A&FromDate=13&FromMonth=05&FromYear=2000&ToDate=13&ToMonth=11&ToYear=2020&Variable=Issuer
0,2018-06-31,DFN.TO,,2018-06-31,Q2,-5448668.0,0.0,0.0,0.0,0.0,618171.75,0.0,0.0,235090.25,0.0,0.0,0.0,0.0,0.0,0.0,0.0,0.0,-6301930.0,0.8646030660448466,0.0,-6301930.0,0.8646030660448466,-0.275,-0.275,43995063,43995063,https://www.sedar.com/ModifyCompanyDocumentSearchForm.do?lang=EN&company_search=Dividend 15 Split Corp&document_selection=0&industry_group=A&FromDate=13&FromMonth=05&FromYear=2000&ToDate=13&ToMonth=11&ToYear=2020&Variable=Issuer,https://www.sedar.com/ModifyCompanyDocumentSearchForm.do?lang=EN&company_search=Dividend 15 Split Corp&document_selection=0&industry_group=A&FromDate=13&FromMonth=05&FromYear=2000&ToDate=13&ToMonth=11&ToYear=2020&Variable=Issuer
0,2018-03-31,DFN.TO,,2018-03-31,Q1,-5448668.0,0.0,0.0,0.0,0.0,618171.75,0.0,0.0,235090.25,0.0,0.0,0.0,0.0,0.0,0.0,0.0,0.0,-6301930.0,0.8646030660448466,0.0,-6301930.0,0.8646030660448466,-0.275,-0.275,43995063,43995063,https://www.sedar.com/ModifyCompanyDocumentSearchForm.do?lang=EN&company_search=Dividend 15 Split Corp&document_selection=0&industry_group=A&FromDate=13&FromMonth=05&FromYear=2000&ToDate=13&ToMonth=11&ToYear=2020&Variable=Issuer,https://www.sedar.com/ModifyCompanyDocumentSearchForm.do?lang=EN&company_search=Dividend 15 Split Corp&document_selection=0&industry_group=A&FromDate=13&FromMonth=05&FromYear=2000&ToDate=13&ToMonth=11&ToYear=2020&Variable=Issuer
0,2018-01-31,DFN.TO,,2018-01-31,Q1,-5448668.0,0.0,0.0,0.0,0.0,618171.75,0.0,0.0,235090.25,0.0,0.0,0.0,0.0,0.0,0.0,0.0,0.0,-6301930.0,0.8646030660448466,0.0,-6301930.0,0.8646030660448466,-0.275,-0.275,43995063,43995063,https://www.sedar.com/ModifyCompanyDocumentSearchForm.do?lang=EN&company_search=Dividend 15 Split Corp&document_selection=0&industry_group=A&FromDate=13&FromMonth=05&FromYear=2000&ToDate=13&ToMonth=11&ToYear=2020&Variable=Issuer,https://www.sedar.com/ModifyCompanyDocumentSearchForm.do?lang=EN&company_search=Dividend 15 Split Corp&document_selection=0&industry_group=A&FromDate=13&FromMonth=05&FromYear=2000&ToDate=13&ToMonth=11&ToYear=2020&Variable=Issuer
0,2017-09-31,DFN.TO,,2017-09-31,Q3,17290735,0.0,0.0,0.0,0.0,607537.25,0.0,0.0,208625.25,0.0,0.0,0.0,0.0,0.0,0.0,0.0,0.0,16474572.5,1.0495407392210025,0.0,16474572.5,1.0495407392210025,0.3325,0.3325,35583741,35583741,https://www.sedar.com/ModifyCompanyDocumentSearchForm.do?lang=EN&company_search=Dividend 15 Split Corp&document_selection=0&industry_group=A&FromDate=13&FromMonth=05&FromYear=2000&ToDate=13&ToMonth=11&ToYear=2020&Variable=Issuer,https://www.sedar.com/ModifyCompanyDocumentSearchForm.do?lang=EN&company_search=Dividend 15 Split Corp&document_selection=0&industry_group=A&FromDate=13&FromMonth=05&FromYear=2000&ToDate=13&ToMonth=11&ToYear=2020&Variable=Issuer
0,2017-06-31,DFN.TO,,2017-06-31,Q2,17290735,0.0,0.0,0.0,0.0,607537.25,0.0,0.0,208625.25,0.0,0.0,0.0,0.0,0.0,0.0,0.0,0.0,16474572.5,1.0495407392210025,0.0,16474572.5,1.0495407392210025,0.3325,0.3325,35583741,35583741,https://www.sedar.com/ModifyCompanyDocumentSearchForm.do?lang=EN&company_search=Dividend 15 Split Corp&document_selection=0&industry_group=A&FromDate=13&FromMonth=05&FromYear=2000&ToDate=13&ToMonth=11&ToYear=2020&Variable=Issuer,https://www.sedar.com/ModifyCompanyDocumentSearchForm.do?lang=EN&company_search=Dividend 15 Split Corp&document_selection=0&industry_group=A&FromDate=13&FromMonth=05&FromYear=2000&ToDate=13&ToMonth=11&ToYear=2020&Variable=Issuer
0,2017-03-31,DFN.TO,,2017-03-31,Q1,17290735,0.0,0.0,0.0,0.0,607537.25,0.0,0.0,208625.25,0.0,0.0,0.0,0.0,0.0,0.0,0.0,0.0,16474572.5,1.0495407392210025,0.0,16474572.5,1.0495407392210025,0.3325,0.3325,35583741,35583741,https://www.sedar.com/ModifyCompanyDocumentSearchForm.do?lang=EN&company_search=Dividend 15 Split Corp&document_selection=0&industry_group=A&FromDate=13&FromMonth=05&FromYear=2000&ToDate=13&ToMonth=11&ToYear=2020&Variable=Issuer,https://www.sedar.com/ModifyCompanyDocumentSearchForm.do?lang=EN&company_search=Dividend 15 Split Corp&document_selection=0&industry_group=A&FromDate=13&FromMonth=05&FromYear=2000&ToDate=13&ToMonth=11&ToYear=2020&Variable=Issuer
0,2017-01-31,DFN.TO,,2017-01-31,Q1,17290735,0.0,0.0,0.0,0.0,607537.25,0.0,0.0,208625.25,0.0,0.0,0.0,0.0,0.0,0.0,0.0,0.0,16474572.5,1.0495407392210025,0.0,16474572.5,1.0495407392210025,0.3325,0.3325,35583741,35583741,https://www.sedar.com/ModifyCompanyDocumentSearchForm.do?lang=EN&company_search=Dividend 15 Split Corp&document_selection=0&industry_group=A&FromDate=13&FromMonth=05&FromYear=2000&ToDate=13&ToMonth=11&ToYear=2020&Variable=Issuer,https://www.sedar.com/ModifyCompanyDocumentSearchForm.do?lang=EN&company_search=Dividend 15 Split Corp&document_selection=0&industry_group=A&FromDate=13&FromMonth=05&FromYear=2000&ToDate=13&ToMonth=11&ToYear=2020&Variable=Issuer
0,2016-09-31,DFN.TO,,2016-09-31,Q3,18443574.75,0.0,0.0,0.0,0.0,473587.0,0.0,0.0,161394.5,0.0,0.0,0.0,0.0,0.0,0.0,0.0,0.0,17808593.25,1.035655904488694,0.0,17808593.25,1.035655904488694,0.4525,0.4525,30479074,30479074,https://www.sedar.com/ModifyCompanyDocumentSearchForm.do?lang=EN&company_search=Dividend 15 Split Corp&document_selection=0&industry_group=A&FromDate=13&FromMonth=05&FromYear=2000&ToDate=13&ToMonth=11&ToYear=2020&Variable=Issuer,https://www.sedar.com/ModifyCompanyDocumentSearchForm.do?lang=EN&company_search=Dividend 15 Split Corp&document_selection=0&industry_group=A&FromDate=13&FromMonth=05&FromYear=2000&ToDate=13&ToMonth=11&ToYear=2020&Variable=Issuer
0,2016-06-31,DFN.TO,,2016-06-31,Q2,18443574.75,0.0,0.0,0.0,0.0,473587.0,0.0,0.0,161394.5,0.0,0.0,0.0,0.0,0.0,0.0,0.0,0.0,17808593.25,1.035655904488694,0.0,17808593.25,1.035655904488694,0.4525,0.4525,30479074,30479074,https://www.sedar.com/ModifyCompanyDocumentSearchForm.do?lang=EN&company_search=Dividend 15 Split Corp&document_selection=0&industry_group=A&FromDate=13&FromMonth=05&FromYear=2000&ToDate=13&ToMonth=11&ToYear=2020&Variable=Issuer,https://www.sedar.com/ModifyCompanyDocumentSearchForm.do?lang=EN&company_search=Dividend 15 Split Corp&document_selection=0&industry_group=A&FromDate=13&FromMonth=05&FromYear=2000&ToDate=13&ToMonth=11&ToYear=2020&Variable=Issuer
0,2016-03-31,DFN.TO,,2016-03-31,Q1,18443574.75,0.0,0.0,0.0,0.0,473587.0,0.0,0.0,161394.5,0.0,0.0,0.0,0.0,0.0,0.0,0.0,0.0,17808593.25,1.035655904488694,0.0,17808593.25,1.035655904488694,0.4525,0.4525,30479074,30479074,https://www.sedar.com/ModifyCompanyDocumentSearchForm.do?lang=EN&company_search=Dividend 15 Split Corp&document_selection=0&industry_group=A&FromDate=13&FromMonth=05&FromYear=2000&ToDate=13&ToMonth=11&ToYear=2020&Variable=Issuer,https://www.sedar.com/ModifyCompanyDocumentSearchForm.do?lang=EN&company_search=Dividend 15 Split Corp&document_selection=0&industry_group=A&FromDate=13&FromMonth=05&FromYear=2000&ToDate=13&ToMonth=11&ToYear=2020&Variable=Issuer
0,2016-01-31,DFN.TO,,2016-01-31,Q1,18443574.75,0.0,0.0,0.0,0.0,473587.0,0.0,0.0,161394.5,0.0,0.0,0.0,0.0,0.0,0.0,0.0,0.0,17808593.25,1.035655904488694,0.0,17808593.25,1.035655904488694,0.4525,0.4525,30479074,30479074,https://www.sedar.com/ModifyCompanyDocumentSearchForm.do?lang=EN&company_search=Dividend 15 Split Corp&document_selection=0&industry_group=A&FromDate=13&FromMonth=05&FromYear=2000&ToDate=13&ToMonth=11&ToYear=2020&Variable=Issuer,https://www.sedar.com/ModifyCompanyDocumentSearchForm.do?lang=EN&company_search=Dividend 15 Split Corp&document_selection=0&industry_group=A&FromDate=13&FromMonth=05&FromYear=2000&ToDate=13&ToMonth=11&ToYear=2020&Variable=Issuer
0,2015-09-31,DFN.TO,,2015-09-31,Q3,-5780649.5,0.0,0.0,0.0,0.0,465784.5,0.0,0.0,182072.25,0.0,0.0,0.0,0.0,0.0,0.0,0.0,0.0,-6428506.25,0.8992212615489018,0.0,-6428506.25,0.8992212615489018,-0.365,-0.365,27523407,27523407,https://www.sedar.com/ModifyCompanyDocumentSearchForm.do?lang=EN&company_search=Dividend 15 Split Corp&document_selection=0&industry_group=A&FromDate=13&FromMonth=05&FromYear=2000&ToDate=13&ToMonth=11&ToYear=2020&Variable=Issuer,https://www.sedar.com/ModifyCompanyDocumentSearchForm.do?lang=EN&company_search=Dividend 15 Split Corp&document_selection=0&industry_group=A&FromDate=13&FromMonth=05&FromYear=2000&ToDate=13&ToMonth=11&ToYear=2020&Variable=Issuer
0,2015-06-31,DFN.TO,,2015-06-31,Q2,-5780649.5,0.0,0.0,0.0,0.0,465784.5,0.0,0.0,182072.25,0.0,0.0,0.0,0.0,0.0,0.0,0.0,0.0,-6428506.25,0.8992212615489018,0.0,-6428506.25,0.8992212615489018,-0.365,-0.365,27523407,27523407,https://www.sedar.com/ModifyCompanyDocumentSearchForm.do?lang=EN&company_search=Dividend 15 Split Corp&document_selection=0&industry_group=A&FromDate=13&FromMonth=05&FromYear=2000&ToDate=13&ToMonth=11&ToYear=2020&Variable=Issuer,https://www.sedar.com/ModifyCompanyDocumentSearchForm.do?lang=EN&company_search=Dividend 15 Split Corp&document_selection=0&industry_group=A&FromDate=13&FromMonth=05&FromYear=2000&ToDate=13&ToMonth=11&ToYear=2020&Variable=Issuer
0,2015-03-31,DFN.TO,,2015-03-31,Q1,-5780649.5,0.0,0.0,0.0,0.0,465784.5,0.0,0.0,182072.25,0.0,0.0,0.0,0.0,0.0,0.0,0.0,0.0,-6428506.25,0.8992212615489018,0.0,-6428506.25,0.8992212615489018,-0.365,-0.365,27523407,27523407,https://www.sedar.com/ModifyCompanyDocumentSearchForm.do?lang=EN&company_search=Dividend 15 Split Corp&document_selection=0&industry_group=A&FromDate=13&FromMonth=05&FromYear=2000&ToDate=13&ToMonth=11&ToYear=2020&Variable=Issuer,https://www.sedar.com/ModifyCompanyDocumentSearchForm.do?lang=EN&company_search=Dividend 15 Split Corp&document_selection=0&industry_group=A&FromDate=13&FromMonth=05&FromYear=2000&ToDate=13&ToMonth=11&ToYear=2020&Variable=Issuer
0,2015-01-31,DFN.TO,,2015-01-31,Q1,-5780649.5,0.0,0.0,0.0,0.0,465784.5,0.0,0.0,182072.25,0.0,0.0,0.0,0.0,0.0,0.0,0.0,0.0,-6428506.25,0.8992212615489018,0.0,-6428506.25,0.8992212615489018,-0.365,-0.365,27523407,27523407,https://www.sedar.com/ModifyCompanyDocumentSearchForm.do?lang=EN&company_search=Dividend 15 Split Corp&document_selection=0&industry_group=A&FromDate=13&FromMonth=05&FromYear=2000&ToDate=13&ToMonth=11&ToYear=2020&Variable=Issuer,https://www.sedar.com/ModifyCompanyDocumentSearchForm.do?lang=EN&company_search=Dividend 15 Split Corp&document_selection=0&industry_group=A&FromDate=13&FromMonth=05&FromYear=2000&ToDate=13&ToMonth=11&ToYear=2020&Variable=Issuer
0,2014-09-31,DFN.TO,,2014-09-31,Q3,14451161.75,0.0,0.0,0.0,0.0,455063.5,0.0,0.0,173302.5,0.0,0.0,0.0,0.0,0.0,0.0,0.0,0.0,13822795.75,1.0454586764765008,0.0,13822795.75,1.0454586764765008,0.45,0.45,25015074,25015074,https://www.sedar.com/ModifyCompanyDocumentSearchForm.do?lang=EN&company_search=Dividend 15 Split Corp&document_selection=0&industry_group=A&FromDate=13&FromMonth=05&FromYear=2000&ToDate=13&ToMonth=11&ToYear=2020&Variable=Issuer,https://www.sedar.com/ModifyCompanyDocumentSearchForm.do?lang=EN&company_search=Dividend 15 Split Corp&document_selection=0&industry_group=A&FromDate=13&FromMonth=05&FromYear=2000&ToDate=13&ToMonth=11&ToYear=2020&Variable=Issuer
0,2014-06-31,DFN.TO,,2014-06-31,Q2,14451161.75,0.0,0.0,0.0,0.0,455063.5,0.0,0.0,173302.5,0.0,0.0,0.0,0.0,0.0,0.0,0.0,0.0,13822795.75,1.0454586764765008,0.0,13822795.75,1.0454586764765008,0.45,0.45,25015074,25015074,https://www.sedar.com/ModifyCompanyDocumentSearchForm.do?lang=EN&company_search=Dividend 15 Split Corp&document_selection=0&industry_group=A&FromDate=13&FromMonth=05&FromYear=2000&ToDate=13&ToMonth=11&ToYear=2020&Variable=Issuer,https://www.sedar.com/ModifyCompanyDocumentSearchForm.do?lang=EN&company_search=Dividend 15 Split Corp&document_selection=0&industry_group=A&FromDate=13&FromMonth=05&FromYear=2000&ToDate=13&ToMonth=11&ToYear=2020&Variable=Issuer
0,2014-03-31,DFN.TO,,2014-03-31,Q1,14451161.75,0.0,0.0,0.0,0.0,455063.5,0.0,0.0,173302.5,0.0,0.0,0.0,0.0,0.0,0.0,0.0,0.0,13822795.75,1.0454586764765008,0.0,13822795.75,1.0454586764765008,0.45,0.45,25015074,25015074,https://www.sedar.com/ModifyCompanyDocumentSearchForm.do?lang=EN&company_search=Dividend 15 Split Corp&document_selection=0&industry_group=A&FromDate=13&FromMonth=05&FromYear=2000&ToDate=13&ToMonth=11&ToYear=2020&Variable=Issuer,https://www.sedar.com/ModifyCompanyDocumentSearchForm.do?lang=EN&company_search=Dividend 15 Split Corp&document_selection=0&industry_group=A&FromDate=13&FromMonth=05&FromYear=2000&ToDate=13&ToMonth=11&ToYear=2020&Variable=Issuer
0,2014-01-31,DFN.TO,,2014-01-31,Q1,14451161.75,0.0,0.0,0.0,0.0,455063.5,0.0,0.0,173302.5,0.0,0.0,0.0,0.0,0.0,0.0,0.0,0.0,13822795.75,1.0454586764765008,0.0,13822795.75,1.0454586764765008,0.45,0.45,25015074,25015074,https://www.sedar.com/ModifyCompanyDocumentSearchForm.do?lang=EN&company_search=Dividend 15 Split Corp&document_selection=0&industry_group=A&FromDate=13&FromMonth=05&FromYear=2000&ToDate=13&ToMonth=11&ToYear=2020&Variable=Issuer,https://www.sedar.com/ModifyCompanyDocumentSearchForm.do?lang=EN&company_search=Dividend 15 Split Corp&document_selection=0&industry_group=A&FromDate=13&FromMonth=05&FromYear=2000&ToDate=13&ToMonth=11&ToYear=2020&Variable=Issuer
0,2013-09-31,DFN.TO,,2013-09-31,Q3,16514485.5,0.0,0.0,0.0,0.0,516208.5,0.0,0.0,87281.5,0.0,0.0,0.0,0.0,0.0,0.0,0.0,0.0,15910995.5,1.0379291163774134,0.0,15910995.5,1.0379291163774134,0.8075,0.8075,18488753,18488753,https://www.sedar.com/ModifyCompanyDocumentSearchForm.do?lang=EN&company_search=Dividend 15 Split Corp&document_selection=0&industry_group=A&FromDate=13&FromMonth=05&FromYear=2000&ToDate=13&ToMonth=11&ToYear=2020&Variable=Issuer,https://www.sedar.com/ModifyCompanyDocumentSearchForm.do?lang=EN&company_search=Dividend 15 Split Corp&document_selection=0&industry_group=A&FromDate=13&FromMonth=05&FromYear=2000&ToDate=13&ToMonth=11&ToYear=2020&Variable=Issuer
0,2013-06-31,DFN.TO,,2013-06-31,Q2,16514485.5,0.0,0.0,0.0,0.0,516208.5,0.0,0.0,87281.5,0.0,0.0,0.0,0.0,0.0,0.0,0.0,0.0,15910995.5,1.0379291163774134,0.0,15910995.5,1.0379291163774134,0.8075,0.8075,18488753,18488753,https://www.sedar.com/ModifyCompanyDocumentSearchForm.do?lang=EN&company_search=Dividend 15 Split Corp&document_selection=0&industry_group=A&FromDate=13&FromMonth=05&FromYear=2000&ToDate=13&ToMonth=11&ToYear=2020&Variable=Issuer,https://www.sedar.com/ModifyCompanyDocumentSearchForm.do?lang=EN&company_search=Dividend 15 Split Corp&document_selection=0&industry_group=A&FromDate=13&FromMonth=05&FromYear=2000&ToDate=13&ToMonth=11&ToYear=2020&Variable=Issuer
0,2013-03-31,DFN.TO,,2013-03-31,Q1,16514485.5,0.0,0.0,0.0,0.0,516208.5,0.0,0.0,87281.5,0.0,0.0,0.0,0.0,0.0,0.0,0.0,0.0,15910995.5,1.0379291163774134,0.0,15910995.5,1.0379291163774134,0.8075,0.8075,18488753,18488753,https://www.sedar.com/ModifyCompanyDocumentSearchForm.do?lang=EN&company_search=Dividend 15 Split Corp&document_selection=0&industry_group=A&FromDate=13&FromMonth=05&FromYear=2000&ToDate=13&ToMonth=11&ToYear=2020&Variable=Issuer,https://www.sedar.com/ModifyCompanyDocumentSearchForm.do?lang=EN&company_search=Dividend 15 Split Corp&document_selection=0&industry_group=A&FromDate=13&FromMonth=05&FromYear=2000&ToDate=13&ToMonth=11&ToYear=2020&Variable=Issuer
0,2013-01-31,DFN.TO,,2013-01-31,Q1,16514485.5,0.0,0.0,0.0,0.0,516208.5,0.0,0.0,87281.5,0.0,0.0,0.0,0.0,0.0,0.0,0.0,0.0,15910995.5,1.0379291163774134,0.0,15910995.5,1.0379291163774134,0.8075,0.8075,18488753,18488753,https://www.sedar.com/ModifyCompanyDocumentSearchForm.do?lang=EN&company_search=Dividend 15 Split Corp&document_selection=0&industry_group=A&FromDate=13&FromMonth=05&FromYear=2000&ToDate=13&ToMonth=11&ToYear=2020&Variable=Issuer,https://www.sedar.com/ModifyCompanyDocumentSearchForm.do?lang=EN&company_search=Dividend 15 Split Corp&document_selection=0&industry_group=A&FromDate=13&FromMonth=05&FromYear=2000&ToDate=13&ToMonth=11&ToYear=2020&Variable=Issuer
0,2012-09-31,DFN.TO,,2012-09-31,Q3,2945423.5,575660.5,2369763.0,1.2429190176401606,0.0,227619.5,0.0,5815270.0,31940.5,835220.5,0.0,0.0,0.0,0.0,2110203.0,1.395801020091432,5736080.5,7846283.5,0.37539090959433213,0.0,7846283.5,0.37539090959433213,0.345,0.345,16474006,16474006,https://www.sedar.com/ModifyCompanyDocumentSearchForm.do?lang=EN&company_search=Dividend 15 Split Corp&document_selection=0&industry_group=A&FromDate=13&FromMonth=05&FromYear=2000&ToDate=13&ToMonth=11&ToYear=2020&Variable=Issuer,https://www.sedar.com/ModifyCompanyDocumentSearchForm.do?lang=EN&company_search=Dividend 15 Split Corp&document_selection=0&industry_group=A&FromDate=13&FromMonth=05&FromYear=2000&ToDate=13&ToMonth=11&ToYear=2020&Variable=Issuer
0,2012-06-31,DFN.TO,,2012-06-31,Q2,2945423.5,575660.5,2369763.0,1.2429190176401606,0.0,227619.5,0.0,5815270.0,31940.5,835220.5,0.0,0.0,0.0,0.0,2110203.0,1.395801020091432,5736080.5,7846283.5,0.37539090959433213,0.0,7846283.5,0.37539090959433213,0.345,0.345,16474006,16474006,https://www.sedar.com/ModifyCompanyDocumentSearchForm.do?lang=EN&company_search=Dividend 15 Split Corp&document_selection=0&industry_group=A&FromDate=13&FromMonth=05&FromYear=2000&ToDate=13&ToMonth=11&ToYear=2020&Variable=Issuer,https://www.sedar.com/ModifyCompanyDocumentSearchForm.do?lang=EN&company_search=Dividend 15 Split Corp&document_selection=0&industry_group=A&FromDate=13&FromMonth=05&FromYear=2000&ToDate=13&ToMonth=11&ToYear=2020&Variable=Issuer
0,2012-03-31,DFN.TO,,2012-03-31,Q1,2945423.5,575660.5,2369763.0,1.2429190176401606,0.0,227619.5,0.0,5815270.0,31940.5,835220.5,0.0,0.0,0.0,0.0,2110203.0,1.395801020091432,5736080.5,7846283.5,0.37539090959433213,0.0,7846283.5,0.37539090959433213,0.345,0.345,16474006,16474006,https://www.sedar.com/ModifyCompanyDocumentSearchForm.do?lang=EN&company_search=Dividend 15 Split Corp&document_selection=0&industry_group=A&FromDate=13&FromMonth=05&FromYear=2000&ToDate=13&ToMonth=11&ToYear=2020&Variable=Issuer,https://www.sedar.com/ModifyCompanyDocumentSearchForm.do?lang=EN&company_search=Dividend 15 Split Corp&document_selection=0&industry_group=A&FromDate=13&FromMonth=05&FromYear=2000&ToDate=13&ToMonth=11&ToYear=2020&Variable=Issuer
0,2012-01-31,DFN.TO,,2012-01-31,Q1,2945423.5,575660.5,2369763.0,1.2429190176401606,0.0,227619.5,0.0,5815270.0,31940.5,835220.5,0.0,0.0,0.0,0.0,2110203.0,1.395801020091432,5736080.5,7846283.5,0.37539090959433213,0.0,7846283.5,0.37539090959433213,0.345,0.345,16474006,16474006,https://www.sedar.com/ModifyCompanyDocumentSearchForm.do?lang=EN&company_search=Dividend 15 Split Corp&document_selection=0&industry_group=A&FromDate=13&FromMonth=05&FromYear=2000&ToDate=13&ToMonth=11&ToYear=2020&Variable=Issuer,https://www.sedar.com/ModifyCompanyDocumentSearchForm.do?lang=EN&company_search=Dividend 15 Split Corp&document_selection=0&industry_group=A&FromDate=13&FromMonth=05&FromYear=2000&ToDate=13&ToMonth=11&ToYear=2020&Variable=Issuer
0,2011-09-31,DFN.TO,,2011-09-31,Q3,2932979.0,608015.75,2324963.25,1.2615162841821264,0.0,251296.5,0.0,0.0,134607.25,993919.5,0.0,0.0,0.0,0.0,1939059.5,1.5125781338839783,0.0,0.0,0.0,0.0,-1710389.0,-1.7148023052065933,-0.105,-0.105,16276134,16276134,https://www.sedar.com/ModifyCompanyDocumentSearchForm.do?lang=EN&company_search=Dividend 15 Split Corp&document_selection=0&industry_group=A&FromDate=13&FromMonth=05&FromYear=2000&ToDate=13&ToMonth=11&ToYear=2020&Variable=Issuer,https://www.sedar.com/ModifyCompanyDocumentSearchForm.do?lang=EN&company_search=Dividend 15 Split Corp&document_selection=0&industry_group=A&FromDate=13&FromMonth=05&FromYear=2000&ToDate=13&ToMonth=11&ToYear=2020&Variable=Issuer
0,2011-06-31,DFN.TO,,2011-06-31,Q2,2932979.0,608015.75,2324963.25,1.2615162841821264,0.0,251296.5,0.0,0.0,134607.25,993919.5,0.0,0.0,0.0,0.0,1939059.5,1.5125781338839783,0.0,0.0,0.0,0.0,-1710389.0,-1.7148023052065933,-0.105,-0.105,16276134,16276134,https://www.sedar.com/ModifyCompanyDocumentSearchForm.do?lang=EN&company_search=Dividend 15 Split Corp&document_selection=0&industry_group=A&FromDate=13&FromMonth=05&FromYear=2000&ToDate=13&ToMonth=11&ToYear=2020&Variable=Issuer,https://www.sedar.com/ModifyCompanyDocumentSearchForm.do?lang=EN&company_search=Dividend 15 Split Corp&document_selection=0&industry_group=A&FromDate=13&FromMonth=05&FromYear=2000&ToDate=13&ToMonth=11&ToYear=2020&Variable=Issuer
0,2011-03-31,DFN.TO,,2011-03-31,Q1,2932979.0,608015.75,2324963.25,1.2615162841821264,0.0,251296.5,0.0,0.0,134607.25,993919.5,0.0,0.0,0.0,0.0,1939059.5,1.5125781338839783,0.0,0.0,0.0,0.0,-1710389.0,-1.7148023052065933,-0.105,-0.105,16276134,16276134,https://www.sedar.com/ModifyCompanyDocumentSearchForm.do?lang=EN&company_search=Dividend 15 Split Corp&document_selection=0&industry_group=A&FromDate=13&FromMonth=05&FromYear=2000&ToDate=13&ToMonth=11&ToYear=2020&Variable=Issuer,https://www.sedar.com/ModifyCompanyDocumentSearchForm.do?lang=EN&company_search=Dividend 15 Split Corp&document_selection=0&industry_group=A&FromDate=13&FromMonth=05&FromYear=2000&ToDate=13&ToMonth=11&ToYear=2020&Variable=Issuer
0,2011-01-31,DFN.TO,,2011-01-31,Q1,2932979.0,608015.75,2324963.25,1.2615162841821264,0.0,251296.5,0.0,0.0,134607.25,993919.5,0.0,0.0,0.0,0.0,1939059.5,1.5125781338839783,0.0,0.0,0.0,0.0,-1710389.0,-1.7148023052065933,-0.105,-0.105,16276134,16276134,https://www.sedar.com/ModifyCompanyDocumentSearchForm.do?lang=EN&company_search=Dividend 15 Split Corp&document_selection=0&industry_group=A&FromDate=13&FromMonth=05&FromYear=2000&ToDate=13&ToMonth=11&ToYear=2020&Variable=Issuer,https://www.sedar.com/ModifyCompanyDocumentSearchForm.do?lang=EN&company_search=Dividend 15 Split Corp&document_selection=0&industry_group=A&FromDate=13&FromMonth=05&FromYear=2000&ToDate=13&ToMonth=11&ToYear=2020&Variable=Issuer
0,2010-09-31,DFN.TO,,2010-09-31,Q3,2269981.75,477092.0,1792889.75,1.2661022519650191,0.0,209943.5,0.0,4870730.25,65987.5,753023.0,0.0,0.0,0.0,0.0,1516958.75,1.4964030828128978,4870730.25,0.0,0.0,0.0,4696141.75,0.48337164226356666,0.36,0.36,13620134,13620134,https://www.sedar.com/ModifyCompanyDocumentSearchForm.do?lang=EN&company_search=Dividend 15 Split Corp&document_selection=0&industry_group=A&FromDate=13&FromMonth=05&FromYear=2000&ToDate=13&ToMonth=11&ToYear=2020&Variable=Issuer,https://www.sedar.com/ModifyCompanyDocumentSearchForm.do?lang=EN&company_search=Dividend 15 Split Corp&document_selection=0&industry_group=A&FromDate=13&FromMonth=05&FromYear=2000&ToDate=13&ToMonth=11&ToYear=2020&Variable=Issuer
0,2010-06-31,DFN.TO,,2010-06-31,Q2,2269981.75,477092.0,1792889.75,1.2661022519650191,0.0,209943.5,0.0,4870730.25,65987.5,753023.0,0.0,0.0,0.0,0.0,1516958.75,1.4964030828128978,4870730.25,0.0,0.0,0.0,4696141.75,0.48337164226356666,0.36,0.36,13620134,13620134,https://www.sedar.com/ModifyCompanyDocumentSearchForm.do?lang=EN&company_search=Dividend 15 Split Corp&document_selection=0&industry_group=A&FromDate=13&FromMonth=05&FromYear=2000&ToDate=13&ToMonth=11&ToYear=2020&Variable=Issuer,https://www.sedar.com/ModifyCompanyDocumentSearchForm.do?lang=EN&company_search=Dividend 15 Split Corp&document_selection=0&industry_group=A&FromDate=13&FromMonth=05&FromYear=2000&ToDate=13&ToMonth=11&ToYear=2020&Variable=Issuer
0,2010-03-31,DFN.TO,,2010-03-31,Q1,2269981.75,477092.0,1792889.75,1.2661022519650191,0.0,209943.5,0.0,4870730.25,65987.5,753023.0,0.0,0.0,0.0,0.0,1516958.75,1.4964030828128978,4870730.25,0.0,0.0,0.0,4696141.75,0.48337164226356666,0.36,0.36,13620134,13620134,https://www.sedar.com/ModifyCompanyDocumentSearchForm.do?lang=EN&company_search=Dividend 15 Split Corp&document_selection=0&industry_group=A&FromDate=13&FromMonth=05&FromYear=2000&ToDate=13&ToMonth=11&ToYear=2020&Variable=Issuer,https://www.sedar.com/ModifyCompanyDocumentSearchForm.do?lang=EN&company_search=Dividend 15 Split Corp&document_selection=0&industry_group=A&FromDate=13&FromMonth=05&FromYear=2000&ToDate=13&ToMonth=11&ToYear=2020&Variable=Issuer
0,2010-01-31,DFN.TO,,2010-01-31,Q1,2269981.75,477092.0,1792889.75,1.2661022519650191,0.0,209943.5,0.0,4870730.25,65987.5,753023.0,0.0,0.0,0.0,0.0,1516958.75,1.4964030828128978,4870730.25,0.0,0.0,0.0,4696141.75,0.48337164226356666,0.36,0.36,13620134,13620134,https://www.sedar.com/ModifyCompanyDocumentSearchForm.do?lang=EN&company_search=Dividend 15 Split Corp&document_selection=0&industry_group=A&FromDate=13&FromMonth=05&FromYear=2000&ToDate=13&ToMonth=11&ToYear=2020&Variable=Issuer,https://www.sedar.com/ModifyCompanyDocumentSearchForm.do?lang=EN&company_search=Dividend 15 Split Corp&document_selection=0&industry_group=A&FromDate=13&FromMonth=05&FromYear=2000&ToDate=13&ToMonth=11&ToYear=2020&Variable=Issuer
0,2009-09-31,DFN.TO,,2009-09-31,Q3,2125771.5,0.0,2125771.5,1.0,0.0,475161.25,0.0,17214.0,26096.25,535826.0,0.0,0.0,0.0,0.0,1589945.5,1.3370090358443103,17214.0,0.0,0.0,0.0,8947404.5,0.23758526844293226,0.8825,0.8825,8629439.0,8629439.0,https://www.sedar.com/ModifyCompanyDocumentSearchForm.do?lang=EN&company_search=Dividend 15 Split Corp&document_selection=0&industry_group=A&FromDate=13&FromMonth=05&FromYear=2000&ToDate=13&ToMonth=11&ToYear=2020&Variable=Issuer,https://www.sedar.com/ModifyCompanyDocumentSearchForm.do?lang=EN&company_search=Dividend 15 Split Corp&document_selection=0&industry_group=A&FromDate=13&FromMonth=05&FromYear=2000&ToDate=13&ToMonth=11&ToYear=2020&Variable=Issuer
0,2009-06-31,DFN.TO,,2009-06-31,Q2,2125771.5,0.0,2125771.5,1.0,0.0,475161.25,0.0,17214.0,26096.25,535826.0,0.0,0.0,0.0,0.0,1589945.5,1.3370090358443103,17214.0,0.0,0.0,0.0,8947404.5,0.23758526844293226,0.8825,0.8825,8629439.0,8629439.0,https://www.sedar.com/ModifyCompanyDocumentSearchForm.do?lang=EN&company_search=Dividend 15 Split Corp&document_selection=0&industry_group=A&FromDate=13&FromMonth=05&FromYear=2000&ToDate=13&ToMonth=11&ToYear=2020&Variable=Issuer,https://www.sedar.com/ModifyCompanyDocumentSearchForm.do?lang=EN&company_search=Dividend 15 Split Corp&document_selection=0&industry_group=A&FromDate=13&FromMonth=05&FromYear=2000&ToDate=13&ToMonth=11&ToYear=2020&Variable=Issuer
0,2009-03-31,DFN.TO,,2009-03-31,Q1,2125771.5,0.0,2125771.5,1.0,0.0,475161.25,0.0,17214.0,26096.25,535826.0,0.0,0.0,0.0,0.0,1589945.5,1.3370090358443103,17214.0,0.0,0.0,0.0,8947404.5,0.23758526844293226,0.8825,0.8825,8629439.0,8629439.0,https://www.sedar.com/ModifyCompanyDocumentSearchForm.do?lang=EN&company_search=Dividend 15 Split Corp&document_selection=0&industry_group=A&FromDate=13&FromMonth=05&FromYear=2000&ToDate=13&ToMonth=11&ToYear=2020&Variable=Issuer,https://www.sedar.com/ModifyCompanyDocumentSearchForm.do?lang=EN&company_search=Dividend 15 Split Corp&document_selection=0&industry_group=A&FromDate=13&FromMonth=05&FromYear=2000&ToDate=13&ToMonth=11&ToYear=2020&Variable=Issuer
0,2009-01-31,DFN.TO,,2009-01-31,Q1,2125771.5,0.0,2125771.5,1.0,0.0,475161.25,0.0,17214.0,26096.25,535826.0,0.0,0.0,0.0,0.0,1589945.5,1.3370090358443103,17214.0,0.0,0.0,0.0,8947404.5,0.23758526844293226,0.8825,0.8825,8629439.0,8629439.0,https://www.sedar.com/ModifyCompanyDocumentSearchForm.do?lang=EN&company_search=Dividend 15 Split Corp&document_selection=0&industry_group=A&FromDate=13&FromMonth=05&FromYear=2000&ToDate=13&ToMonth=11&ToYear=2020&Variable=Issuer,https://www.sedar.com/ModifyCompanyDocumentSearchForm.do?lang=EN&company_search=Dividend 15 Split Corp&document_selection=0&industry_group=A&FromDate=13&FromMonth=05&FromYear=2000&ToDate=13&ToMonth=11&ToYear=2020&Variable=Issuer
0,2008-09-31,DFN.TO,,2008-09-31,Q3,2451972.5,0.0,2451972.5,1.0,0.0,688070.5,0.0,-24446811.5,37335.0,754018.25,0.0,0.0,0.0,0.0,1697954.25,1.4440745385218712,-24446811.5,0.0,0.0,0.0,-24078097,-0.1018341482717675,-2.3625,-2.3625,10758272,10758272,https://www.sedar.com/ModifyCompanyDocumentSearchForm.do?lang=EN&company_search=Dividend 15 Split Corp&document_selection=0&industry_group=A&FromDate=13&FromMonth=05&FromYear=2000&ToDate=13&ToMonth=11&ToYear=2020&Variable=Issuer,https://www.sedar.com/ModifyCompanyDocumentSearchForm.do?lang=EN&company_search=Dividend 15 Split Corp&document_selection=0&industry_group=A&FromDate=13&FromMonth=05&FromYear=2000&ToDate=13&ToMonth=11&ToYear=2020&Variable=Issuer
0,2008-06-31,DFN.TO,,2008-06-31,Q2,2451972.5,0.0,2451972.5,1.0,0.0,688070.5,0.0,-24446811.5,37335.0,754018.25,0.0,0.0,0.0,0.0,1697954.25,1.4440745385218712,-24446811.5,0.0,0.0,0.0,-24078097,-0.1018341482717675,-2.3625,-2.3625,10758272,10758272,https://www.sedar.com/ModifyCompanyDocumentSearchForm.do?lang=EN&company_search=Dividend 15 Split Corp&document_selection=0&industry_group=A&FromDate=13&FromMonth=05&FromYear=2000&ToDate=13&ToMonth=11&ToYear=2020&Variable=Issuer,https://www.sedar.com/ModifyCompanyDocumentSearchForm.do?lang=EN&company_search=Dividend 15 Split Corp&document_selection=0&industry_group=A&FromDate=13&FromMonth=05&FromYear=2000&ToDate=13&ToMonth=11&ToYear=2020&Variable=Issuer
0,2008-03-31,DFN.TO,,2008-03-31,Q1,2451972.5,0.0,2451972.5,1.0,0.0,688070.5,0.0,-24446811.5,37335.0,754018.25,0.0,0.0,0.0,0.0,1697954.25,1.4440745385218712,-24446811.5,0.0,0.0,0.0,-24078097,-0.1018341482717675,-2.3625,-2.3625,10758272,10758272,https://www.sedar.com/ModifyCompanyDocumentSearchForm.do?lang=EN&company_search=Dividend 15 Split Corp&document_selection=0&industry_group=A&FromDate=13&FromMonth=05&FromYear=2000&ToDate=13&ToMonth=11&ToYear=2020&Variable=Issuer,https://www.sedar.com/ModifyCompanyDocumentSearchForm.do?lang=EN&company_search=Dividend 15 Split Corp&document_selection=0&industry_group=A&FromDate=13&FromMonth=05&FromYear=2000&ToDate=13&ToMonth=11&ToYear=2020&Variable=Issuer
0,2008-01-31,DFN.TO,,2008-01-31,Q1,2451972.5,0.0,2451972.5,1.0,0.0,688070.5,0.0,-24446811.5,37335.0,754018.25,0.0,0.0,0.0,0.0,1697954.25,1.4440745385218712,-24446811.5,0.0,0.0,0.0,-24078097,-0.1018341482717675,-2.3625,-2.3625,10758272,10758272,https://www.sedar.com/ModifyCompanyDocumentSearchForm.do?lang=EN&company_search=Dividend 15 Split Corp&document_selection=0&industry_group=A&FromDate=13&FromMonth=05&FromYear=2000&ToDate=13&ToMonth=11&ToYear=2020&Variable=Issuer,https://www.sedar.com/ModifyCompanyDocumentSearchForm.do?lang=EN&company_search=Dividend 15 Split Corp&document_selection=0&industry_group=A&FromDate=13&FromMonth=05&FromYear=2000&ToDate=13&ToMonth=11&ToYear=2020&Variable=Issuer
0,2007-09-31,DFN.TO,,2007-09-31,Q3,2381866.25,0.0,2381866.25,1.0,0.0,888273.0,0.0,3900221.25,36561.25,965989.0,0.0,0.0,0.0,0.0,1415877.25,1.682254764669748,3900221.25,0.0,0.0,0.0,127914.25,18.620804562431474,0.3925,0.3925,10199868,10199868,https://www.sedar.com/ModifyCompanyDocumentSearchForm.do?lang=EN&company_search=Dividend 15 Split Corp&document_selection=0&industry_group=A&FromDate=13&FromMonth=05&FromYear=2000&ToDate=13&ToMonth=11&ToYear=2020&Variable=Issuer,https://www.sedar.com/ModifyCompanyDocumentSearchForm.do?lang=EN&company_search=Dividend 15 Split Corp&document_selection=0&industry_group=A&FromDate=13&FromMonth=05&FromYear=2000&ToDate=13&ToMonth=11&ToYear=2020&Variable=Issuer
0,2007-06-31,DFN.TO,,2007-06-31,Q2,2381866.25,0.0,2381866.25,1.0,0.0,888273.0,0.0,3900221.25,36561.25,965989.0,0.0,0.0,0.0,0.0,1415877.25,1.682254764669748,3900221.25,0.0,0.0,0.0,127914.25,18.620804562431474,0.3925,0.3925,10199868,10199868,https://www.sedar.com/ModifyCompanyDocumentSearchForm.do?lang=EN&company_search=Dividend 15 Split Corp&document_selection=0&industry_group=A&FromDate=13&FromMonth=05&FromYear=2000&ToDate=13&ToMonth=11&ToYear=2020&Variable=Issuer,https://www.sedar.com/ModifyCompanyDocumentSearchForm.do?lang=EN&company_search=Dividend 15 Split Corp&document_selection=0&industry_group=A&FromDate=13&FromMonth=05&FromYear=2000&ToDate=13&ToMonth=11&ToYear=2020&Variable=Issuer
0,2007-03-31,DFN.TO,,2007-03-31,Q1,2381866.25,0.0,2381866.25,1.0,0.0,888273.0,0.0,3900221.25,36561.25,965989.0,0.0,0.0,0.0,0.0,1415877.25,1.682254764669748,3900221.25,0.0,0.0,0.0,127914.25,18.620804562431474,0.3925,0.3925,10199868,10199868,https://www.sedar.com/ModifyCompanyDocumentSearchForm.do?lang=EN&company_search=Dividend 15 Split Corp&document_selection=0&industry_group=A&FromDate=13&FromMonth=05&FromYear=2000&ToDate=13&ToMonth=11&ToYear=2020&Variable=Issuer,https://www.sedar.com/ModifyCompanyDocumentSearchForm.do?lang=EN&company_search=Dividend 15 Split Corp&document_selection=0&industry_group=A&FromDate=13&FromMonth=05&FromYear=2000&ToDate=13&ToMonth=11&ToYear=2020&Variable=Issuer
0,2007-01-31,DFN.TO,,2007-01-31,Q1,2381866.25,0.0,2381866.25,1.0,0.0,888273.0,0.0,3900221.25,36561.25,965989.0,0.0,0.0,0.0,0.0,1415877.25,1.682254764669748,3900221.25,0.0,0.0,0.0,127914.25,18.620804562431474,0.3925,0.3925,10199868,10199868,https://www.sedar.com/ModifyCompanyDocumentSearchForm.do?lang=EN&company_search=Dividend 15 Split Corp&document_selection=0&industry_group=A&FromDate=13&FromMonth=05&FromYear=2000&ToDate=13&ToMonth=11&ToYear=2020&Variable=Issuer,https://www.sedar.com/ModifyCompanyDocumentSearchForm.do?lang=EN&company_search=Dividend 15 Split Corp&document_selection=0&industry_group=A&FromDate=13&FromMonth=05&FromYear=2000&ToDate=13&ToMonth=11&ToYear=2020&Variable=Issuer
0,2006-09-31,DFN.TO,,2006-09-31,Q3,1992111.75,0.0,1992111.75,1.0,0.0,1201079.0,0.0,69609.25,29087.0,1394741.75,0.0,0.0,0.0,0.0,597370.0,3.3348038066859735,69609.25,0.0,0.0,0.0,597370.0,3.3348038066859735,-0.810012,-0.810012,10246108,10246108,https://www.sedar.com/ModifyCompanyDocumentSearchForm.do?lang=EN&company_search=Dividend 15 Split Corp&document_selection=0&industry_group=A&FromDate=13&FromMonth=05&FromYear=2000&ToDate=13&ToMonth=11&ToYear=2020&Variable=Issuer,https://www.sedar.com/ModifyCompanyDocumentSearchForm.do?lang=EN&company_search=Dividend 15 Split Corp&document_selection=0&industry_group=A&FromDate=13&FromMonth=05&FromYear=2000&ToDate=13&ToMonth=11&ToYear=2020&Variable=Issuer
0,2006-06-31,DFN.TO,,2006-06-31,Q2,1992111.75,0.0,1992111.75,1.0,0.0,1201079.0,0.0,69609.25,29087.0,1394741.75,0.0,0.0,0.0,0.0,597370.0,3.3348038066859735,69609.25,0.0,0.0,0.0,597370.0,3.3348038066859735,-0.810012,-0.810012,10246108,10246108,https://www.sedar.com/ModifyCompanyDocumentSearchForm.do?lang=EN&company_search=Dividend 15 Split Corp&document_selection=0&industry_group=A&FromDate=13&FromMonth=05&FromYear=2000&ToDate=13&ToMonth=11&ToYear=2020&Variable=Issuer,https://www.sedar.com/ModifyCompanyDocumentSearchForm.do?lang=EN&company_search=Dividend 15 Split Corp&document_selection=0&industry_group=A&FromDate=13&FromMonth=05&FromYear=2000&ToDate=13&ToMonth=11&ToYear=2020&Variable=Issuer
0,2006-03-31,DFN.TO,,2006-03-31,Q1,1992111.75,0.0,1992111.75,1.0,0.0,1201079.0,0.0,69609.25,29087.0,1394741.75,0.0,0.0,0.0,0.0,597370.0,3.3348038066859735,69609.25,0.0,0.0,0.0,597370.0,3.3348038066859735,-0.810012,-0.810012,10246108,10246108,https://www.sedar.com/ModifyCompanyDocumentSearchForm.do?lang=EN&company_search=Dividend 15 Split Corp&document_selection=0&industry_group=A&FromDate=13&FromMonth=05&FromYear=2000&ToDate=13&ToMonth=11&ToYear=2020&Variable=Issuer,https://www.sedar.com/ModifyCompanyDocumentSearchForm.do?lang=EN&company_search=Dividend 15 Split Corp&document_selection=0&industry_group=A&FromDate=13&FromMonth=05&FromYear=2000&ToDate=13&ToMonth=11&ToYear=2020&Variable=Issuer
0,2006-01-31,DFN.TO,,2006-01-31,Q1,1992111.75,0.0,1992111.75,1.0,0.0,1201079.0,0.0,69609.25,29087.0,1394741.75,0.0,0.0,0.0,0.0,597370.0,3.3348038066859735,69609.25,0.0,0.0,0.0,597370.0,3.3348038066859735,-0.810012,-0.810012,10246108,10246108,https://www.sedar.com/ModifyCompanyDocumentSearchForm.do?lang=EN&company_search=Dividend 15 Split Corp&document_selection=0&industry_group=A&FromDate=13&FromMonth=05&FromYear=2000&ToDate=13&ToMonth=11&ToYear=2020&Variable=Issuer,https://www.sedar.com/ModifyCompanyDocumentSearchForm.do?lang=EN&company_search=Dividend 15 Split Corp&document_selection=0&industry_group=A&FromDate=13&FromMonth=05&FromYear=2000&ToDate=13&ToMonth=11&ToYear=2020&Variable=Issuer
0,2005-09-31,DFN.TO,,2005-09-31,Q3,1635822.75,0.0,1635822.75,1.0,0.0,1947603.25,0.0,0.0,62852.75,2046089.25,0.0,0.0,0.0,0.0,-410266.5,-3.9872198924357702,0.0,0.0,0.0,0.0,-410266.5,-3.9872198924357702,-1.1358525,-1.1358525,1331834.0,1331834.0,https://www.sedar.com/ModifyCompanyDocumentSearchForm.do?lang=EN&company_search=Dividend 15 Split Corp&document_selection=0&industry_group=A&FromDate=13&FromMonth=05&FromYear=2000&ToDate=13&ToMonth=11&ToYear=2020&Variable=Issuer,https://www.sedar.com/ModifyCompanyDocumentSearchForm.do?lang=EN&company_search=Dividend 15 Split Corp&document_selection=0&industry_group=A&FromDate=13&FromMonth=05&FromYear=2000&ToDate=13&ToMonth=11&ToYear=2020&Variable=Issuer
0,2005-06-31,DFN.TO,,2005-06-31,Q2,1635822.75,0.0,1635822.75,1.0,0.0,1947603.25,0.0,0.0,62852.75,2046089.25,0.0,0.0,0.0,0.0,-410266.5,-3.9872198924357702,0.0,0.0,0.0,0.0,-410266.5,-3.9872198924357702,-1.1358525,-1.1358525,1331834.0,1331834.0,https://www.sedar.com/ModifyCompanyDocumentSearchForm.do?lang=EN&company_search=Dividend 15 Split Corp&document_selection=0&industry_group=A&FromDate=13&FromMonth=05&FromYear=2000&ToDate=13&ToMonth=11&ToYear=2020&Variable=Issuer,https://www.sedar.com/ModifyCompanyDocumentSearchForm.do?lang=EN&company_search=Dividend 15 Split Corp&document_selection=0&industry_group=A&FromDate=13&FromMonth=05&FromYear=2000&ToDate=13&ToMonth=11&ToYear=2020&Variable=Issuer
0,2005-03-31,DFN.TO,,2005-03-31,Q1,1635822.75,0.0,1635822.75,1.0,0.0,1947603.25,0.0,0.0,62852.75,2046089.25,0.0,0.0,0.0,0.0,-410266.5,-3.9872198924357702,0.0,0.0,0.0,0.0,-410266.5,-3.9872198924357702,-1.1358525,-1.1358525,1331834.0,1331834.0,https://www.sedar.com/ModifyCompanyDocumentSearchForm.do?lang=EN&company_search=Dividend 15 Split Corp&document_selection=0&industry_group=A&FromDate=13&FromMonth=05&FromYear=2000&ToDate=13&ToMonth=11&ToYear=2020&Variable=Issuer,https://www.sedar.com/ModifyCompanyDocumentSearchForm.do?lang=EN&company_search=Dividend 15 Split Corp&document_selection=0&industry_group=A&FromDate=13&FromMonth=05&FromYear=2000&ToDate=13&ToMonth=11&ToYear=2020&Variable=Issuer
0,2005-01-31,DFN.TO,,2005-01-31,Q1,1635822.75,0.0,1635822.75,1.0,0.0,1947603.25,0.0,0.0,62852.75,2046089.25,0.0,0.0,0.0,0.0,-410266.5,-3.9872198924357702,0.0,0.0,0.0,0.0,-410266.5,-3.9872198924357702,-1.1358525,-1.1358525,1331834.0,1331834.0,https://www.sedar.com/ModifyCompanyDocumentSearchForm.do?lang=EN&company_search=Dividend 15 Split Corp&document_selection=0&industry_group=A&FromDate=13&FromMonth=05&FromYear=2000&ToDate=13&ToMonth=11&ToYear=2020&Variable=Issuer,https://www.sedar.com/ModifyCompanyDocumentSearchForm.do?lang=EN&company_search=Dividend 15 Split Corp&document_selection=0&industry_group=A&FromDate=13&FromMonth=05&FromYear=2000&ToDate=13&ToMonth=11&ToYear=2020&Variable=Issuer
