,date,symbol,fillingDate,acceptedDate,period,revenue,costOfRevenue,grossProfit,grossProfitRatio,researchAndDevelopmentExpenses,generalAndAdministrativeExpenses,sellingAndMarketingExpenses,otherExpenses,operatingExpenses,costAndExpenses,interestExpense,depreciationAndAmortization,ebitda,ebitdaratio,operatingIncome,operatingIncomeRatio,totalOtherIncomeExpensesNet,incomeBeforeTax,incomeBeforeTaxRatio,incomeTaxExpense,netIncome,netIncomeRatio,eps,epsdiluted,weightedAverageShsOut,weightedAverageShsOutDil,link,finalLink
0,2020-09-30,OPY,2020-10-29,2020-10-29 08:41:06,Q3,276259000,195865000,80394000,0.29100952367162697,0.0,34673000,0.0,0.0,20542000,251080000,3461000.0,0.0,33564000,0.12149468433607592,25179000,0.07861463336941059,0.0,21718000,0.07861463336941059,6079000.0,15639000,0.056609920400783324,1.25,1.19,12553802,13146586,https://www.sec.gov/Archives/edgar/data/791963/000079196320000041/0000791963-20-000041-index.htm,https://www.sec.gov/Archives/edgar/data/791963/000079196320000041/opy-20200930.htm
0,2020-06-30,OPY,2020-07-30,2020-07-30 09:40:04,Q2,264730000,185785000,78945000,0.2982094964680996,0.0,36658000,0.0,0.0,16133000,238576000,2890000.0,0.0,34415000,0.13000037774336115,26154000,0.08787821554036188,0.0,23264000,0.08787821554036188,5615000.0,17649000,0.06666792581120387,1.4,1.34,12640463,13124655,https://www.sec.gov/Archives/edgar/data/791963/000079196320000027/0000791963-20-000027-index.htm,https://www.sec.gov/Archives/edgar/data/791963/000079196320000027/opy-6302020x10q.htm
0,2020-03-31,OPY,2020-05-01 00:00:00,2020-05-01 08:45:10,Q1,234770000,163335000,71435000,0.3042765259615794,0.0,35969000,0.0,0.0,18693000,217997000,6550000.0,0.0,25043000,0.1066703582229416,16773000,0.04354474592154023,0.0,10223000,0.04354474592154023,2405000.0,7818000.0,0.033300677258593515,0.61,0.58,12895729,13456233,https://www.sec.gov/Archives/edgar/data/791963/000079196320000012/0000791963-20-000012-index.html,https://www.sec.gov/Archives/edgar/data/791963/000079196320000012/opy-3312020x10q.htm
0,2019-12-31,OPY,2020-03-02 00:00:00,2020-03-02 16:50:58,Q4,295881000,195775000,100106000,0.3383319645397981,0.0,35473000,0.0,0.0,21682000,252930000,7978000.0,0.0,51056000,0.1725558586053177,42951000,0.11819954643927795,0.0,34973000,0.11819954643927795,9538000.0,25435000,0.08596361375012251,1.99,1.84,12798368,13860637,https://www.sec.gov/Archives/edgar/data/791963/000079196320000006/0000791963-20-000006-index.html,https://www.sec.gov/Archives/edgar/data/791963/000079196320000006/opy-12312019x10k.htm
0,2019-09-30,OPY,2019-10-25 00:00:00,2019-10-25 08:40:52,Q3,234793000,156753000,78040000,0.3323778817937502,0.0,36882000,0.0,0.0,23131000,216766000,11531000,0.0,26249000,0.11179634827273385,18027000,0.027666923630602275,0.0,6496000.0,0.027666923630602275,2547000.0,3949000.0,0.016819070415216807,0.31,0.29,12825944,13832994,https://www.sec.gov/Archives/edgar/data/791963/000079196319000029/0000791963-19-000029-index.html,https://www.sec.gov/Archives/edgar/data/791963/000079196319000029/opy-9302019x10q.htm
0,2019-06-30,OPY,2019-07-26 00:00:00,2019-07-26 08:35:44,Q2,250935000,161461000,89474000,0.3565624564130153,0.0,36072000,0.0,0.0,22819000,220352000,13192000,0.0,45369000,0.18079980871540438,30583000,0.06930480004782115,0.0,17391000,0.06930480004782115,5016000.0,12375000,0.04931555980632435,0.95,0.89,12976235,13861753,https://www.sec.gov/Archives/edgar/data/791963/000079196319000021/0000791963-19-000021-index.html,https://www.sec.gov/Archives/edgar/data/791963/000079196319000021/opy-6302019x10q.htm
0,2019-03-31,OPY,2019-04-26 00:00:00,2019-04-26 09:14:31,Q1,251770000,165687000,86083000,0.3419112682209954,0.0,35359000,0.0,0.0,21686000,222732000,12986000,0.0,30746000,0.12211939468562577,29038000,0.0637566032489971,0.0,16052000,0.0637566032489971,4858000.0,11194000,0.044461214600627554,0.86,0.81,13020344,13851321,https://www.sec.gov/Archives/edgar/data/791963/000079196319000009/0000791963-19-000009-index.html,https://www.sec.gov/Archives/edgar/data/791963/000079196319000009/opy-3312019x10q.htm
0,2018-12-31,OPY,2019-03-01 00:00:00,2019-03-01 08:37:35,Q4,243254000,155102000,88152000,0.3623866411240925,0.0,34928000,0.0,0.0,24032000,214062000,13609000,0.0,31064000,0.12770190829338882,29192000,0.06406061154184516,0.0,15583000,0.06406061154184516,7316000.0,8261000.0,0.03396038708510446,0.62,0.59,13238000,14118000,https://www.sec.gov/Archives/edgar/data/791963/000079196319000006/0000791963-19-000006-index.html,https://www.sec.gov/Archives/edgar/data/791963/000079196319000006/opy-12312018x10k.htm
0,2018-09-30,OPY,2018-10-26 00:00:00,2018-10-26 08:49:25,Q3,237814000,158224000,79590000,0.33467331612100215,0.0,33708000,0.0,0.0,25823000,217755000,12915000,0.0,21918000,0.09216446466566308,20059000,0.030040283582968202,0.0,7144000.0,0.030040283582968202,2083000.0,5071000.0,0.021323387184942855,0.38,0.36,13269024,14140263,https://www.sec.gov/Archives/edgar/data/791963/000079196318000024/0000791963-18-000024-index.html,https://www.sec.gov/Archives/edgar/data/791963/000079196318000024/opy-9302018x10q.htm
0,2018-06-30,OPY,2018-07-27 00:00:00,2018-07-27 09:01:17,Q2,242556000,157651000,84905000,0.35004287669651546,0.0,32898000,0.0,0.0,28597000,219146000,10909000,0.0,25008000,0.10310196408252115,23410000,0.05153861376341958,0.0,12501000,0.05153861376341958,3662000.0,8855000.0,0.03650703342733225,0.67,0.63,13248812,14050573,https://www.sec.gov/Archives/edgar/data/791963/000079196318000020/0000791963-18-000020-index.html,https://www.sec.gov/Archives/edgar/data/791963/000079196318000020/opy-6302018x10q.htm
0,2018-03-31,OPY,2018-04-27 00:00:00,2018-04-27 08:46:37,Q1,234530000,159200000,75330000,0.321195582654671,0.0,34116000,0.0,0.0,22626000,215942000,8963000.0,0.0,20130000,0.08583123694196905,18588000,0.0410395258602311,0.0,9625000.0,0.0410395258602311,2916000.0,6705000.0,0.028589093079776574,0.51,0.48,13239628,13977492,https://www.sec.gov/Archives/edgar/data/791963/000079196318000010/0000791963-18-000010-index.html,https://www.sec.gov/Archives/edgar/data/791963/000079196318000010/opy-3312018x10q.htm
0,2017-12-31,OPY,2018-03-02 00:00:00,2018-03-02 08:51:17,Q4,264973000,179666000,85307000,0.3219460095934303,0.0,33535000,0.0,0.0,25558000,238759000,9644000.0,0.0,27686000,0.1044861174534764,26214000,0.06253467334407657,0.0,16570000,0.06253467334407657,-4598000.0,21193000,0.07998173398799123,1.61,1.54,13116000,13747000,https://www.sec.gov/Archives/edgar/data/791963/000079196318000005/0000791963-18-000005-index.html,https://www.sec.gov/Archives/edgar/data/791963/000079196318000005/opy-12312017x10k.htm
0,2017-09-30,OPY,2017-10-27 00:00:00,2017-10-27 08:55:47,Q3,226220000,147712000,78508000,0.34704270179471314,0.0,33069000,0.0,0.0,27111000,207892000,6500000.0,0.0,19730000,0.08721598443992573,18328000,0.05228538590752365,0.0,11828000,0.05228538590752365,4425000.0,7789000.0,0.034431084784722836,0.59,0.57,13213139,13763516,https://www.sec.gov/Archives/edgar/data/791963/000079196317000020/0000791963-17-000020-index.html,https://www.sec.gov/Archives/edgar/data/791963/000079196317000020/opy-9302017x10xq.htm
0,2017-06-30,OPY,2017-07-28 00:00:00,2017-07-28 09:00:08,Q2,215884000,148573000,67311000,0.3117924440903448,0.0,33560000,0.0,0.0,28534000,210667000,6854000.0,0.0,6568000.0,0.030423746085860924,5217000.0,-0.0075827759352244724,0.0,-1637000.0,-0.0075827759352244724,-274000.0,-1319000.0,-0.006109762650312205,-0.1,-0.1,13260855,13260855,https://www.sec.gov/Archives/edgar/data/791963/000079196317000018/0000791963-17-000018-index.html,https://www.sec.gov/Archives/edgar/data/791963/000079196317000018/opy-6302017x10xq.htm
0,2017-03-31,OPY,2017-04-28 00:00:00,2017-04-28 08:55:15,Q1,213261000,149732000,63529000,0.2978931919103821,0.0,32978000,0.0,0.0,32220000,214930000,5356000.0,0.0,-237000.0,-0.0011113143050065413,-1669000.0,-0.032940856509160135,0.0,-7025000.0,-0.032940856509160135,-1687000.0,-4847000.0,-0.02272801871884686,-0.36,-0.36,13399250,13399250,https://www.sec.gov/Archives/edgar/data/791963/000079196317000010/0000791963-17-000010-index.html,https://www.sec.gov/Archives/edgar/data/791963/000079196317000010/opy-3312017x10q.htm
0,2016-12-31,OPY,2017-03-03 00:00:00,2017-03-03 09:08:27,Q4,218945000,158306000,60639000,0.2769599671150289,0.0,33866000,0.0,0.0,29358000,221530000,4911000.0,0.0,1079000.0,0.004928178309621138,-2585000.0,-0.03423690881271552,0.0,-7496000.0,-0.03423690881271552,-5072000.0,-1790000.0,-0.00817556920687844,-0.13,-0.13,13361000,13361000,https://www.sec.gov/Archives/edgar/data/791963/000079196317000004/0000791963-17-000004-index.html,https://www.sec.gov/Archives/edgar/data/791963/000079196317000004/opy-12312016x10k.htm
0,2016-09-30,OPY,2016-10-28 00:00:00,2016-10-28 09:23:48,Q3,211804000,148194000,63610000,0.30032482861513476,0.0,32110000,0.0,0.0,28623000,208927000,4687000.0,0.0,3082000.0,0.014551188834960625,2877000.0,-0.008545636531887972,0.0,-1810000.0,-0.008545636531887972,-751000.0,-712000.0,-0.0033615984589526167,-0.05,-0.05,13366863,13366863,https://www.sec.gov/Archives/edgar/data/791963/000079196316000055/0000791963-16-000055-index.html,https://www.sec.gov/Archives/edgar/data/791963/000079196316000055/opy-9302016x10xq.htm
0,2016-06-30,OPY,2016-07-29 00:00:00,2016-07-29 09:34:04,Q2,212074000,147920000,64154000,0.30250761526636927,0.0,32622000,0.0,0.0,31806000,212348000,4972000.0,0.0,1615000.0,0.007615266369286193,-274000.0,-0.02473664852834388,0.0,-5246000.0,-0.02473664852834388,-2627000.0,5188000.0,0.024463159085979423,0.39,0.39,13367248,13367248,https://www.sec.gov/Archives/edgar/data/791963/000079196316000051/0000791963-16-000051-index.html,https://www.sec.gov/Archives/edgar/data/791963/000079196316000051/opy-6302016x10xq.htm
0,2016-03-31,OPY,2016-04-29 00:00:00,2016-04-29 12:16:13,Q1,218694000,158334000,60360000,0.2760020851052155,0.0,32759000,0.0,0.0,30510000,221603000,5088000.0,0.0,-593000.0,-0.0027115512999899404,-2909000.0,-0.036567075457031285,0.0,-7997000.0,-0.036567075457031285,-4088000.0,-3847000.0,-0.017590788956258516,-0.29,-0.29,13379827,13379827,https://www.sec.gov/Archives/edgar/data/791963/000079196316000041/0000791963-16-000041-index.html,https://www.sec.gov/Archives/edgar/data/791963/000079196316000041/opy-3312016x10xq.htm
0,2015-12-31,OPY,2016-03-04 00:00:00,2016-03-04 15:28:44,Q4,230360000,165655000,64705000,0.2808864386178156,0.0,32084000,0.0,0.0,32497000,230236000,4367000.0,0.0,1739000.0,0.007549053655148463,124000.0,-0.018418996353533598,0.0,-4243000.0,-0.018418996353533598,-1152000.0,-3144000.0,-0.013648202812988366,-0.23,-0.23,13424000,13424000,https://www.sec.gov/Archives/edgar/data/791963/000079196316000032/0000791963-16-000032-index.html,https://www.sec.gov/Archives/edgar/data/791963/000079196316000032/opy-12312015x10k.htm
0,2015-09-30,OPY,2015-10-30 00:00:00,2015-10-30 15:28:51,Q3,213536000,149655000,63881000,0.29915798741195865,0.0,32633000,0.0,0.0,28234000,210522000,4541000.0,0.0,5255000.0,0.02460943353813877,3014000.0,-0.007151019031919676,0.0,-1527000.0,-0.007151019031919676,-750000.0,-908000.0,-0.004252210400119886,-0.07,-0.07,13690698,13690698,https://www.sec.gov/Archives/edgar/data/791963/000079196315000026/0000791963-15-000026-index.html,https://www.sec.gov/Archives/edgar/data/791963/000079196315000026/opy-9302015x10xq.htm
0,2015-06-30,OPY,2015-07-31 00:00:00,2015-07-31 11:09:54,Q2,238928000,164445000,74483000,0.3117382642469698,0.0,32391000,0.0,0.0,34957000,231793000,4505000.0,0.0,9170000.0,0.038379762941137076,7135000.0,0.011007500167414452,0.0,2630000.0,0.011007500167414452,1985000.0,295000.0,0.0012346815777137883,0.02,0.02,13745957,14390580,https://www.sec.gov/Archives/edgar/data/791963/000079196315000017/0000791963-15-000017-index.html,https://www.sec.gov/Archives/edgar/data/791963/000079196315000017/opy-6302015x10xq.htm
0,2015-03-31,OPY,2015-05-01 00:00:00,2015-05-01 14:52:05,Q1,245561000,169493000,76068000,0.3097723172653638,0.0,32946000,0.0,0.0,29361000,231800000,3910000.0,0.0,15785000,0.06428138018659314,13761000,0.040116305113597026,0.0,9851000.0,0.040116305113597026,3730000.0,5719000.0,0.023289528874699157,0.42,0.4,13704000,14282000,https://www.sec.gov/Archives/edgar/data/791963/000079196315000008/0000791963-15-000008-index.html,https://www.sec.gov/Archives/edgar/data/791963/000079196315000008/opy-3312015x10xq.htm
0,2014-12-31,OPY,2015-03-06,2015-03-06 13:50:24,Q4,254928000,178330000,76598000,0.3004691520743112,0.0,32816000,0.0,0.0,30089000,241235000,4098000.0,0.0,16448000,0.06452017824640682,13693000,0.037638078202472856,0.0,9595000.0,0.037638078202472856,6826000.0,2686000.0,0.010536308290968431,0.2,0.19,13630000,14349000,https://www.sec.gov/Archives/edgar/data/791963/000079196315000004/opy-12312014x10k.htm,https://www.sec.gov/Archives/edgar/data/791963/000079196315000004/opy-12312014x10k.htm
0,2014-09-30,OPY,2014-10-31 00:00:00,2014-10-31 16:54:35,Q3,244679000,167303000,77376000,0.31623474021064335,0.0,31792000,0.0,0.0,30561000,229656000,4127000.0,0.0,17459000,0.07135471372696471,15023000,0.04453181515373203,0.0,10896000,0.04453181515373203,6271000.0,4470000.0,0.01826883385987355,0.33,0.31,13630368,14297442,https://www.sec.gov/Archives/edgar/data/791963/000079196314000007/0000791963-14-000007-index.html,https://www.sec.gov/Archives/edgar/data/791963/000079196314000007/opy-9302014x10xq.htm
0,2014-06-30,OPY,2014-08-01 00:00:00,2014-08-01 16:18:03,Q2,249689000,165875000,83814000,0.3356735779309461,0.0,33443000,0.0,0.0,45823000,245141000,4412000.0,0.0,7327000.0,0.029344504563677213,4548000.0,0.0005446775789081618,0.0,136000.0,0.0005446775789081618,1389000.0,-1554000.0,-0.006223742335465319,-0.11,-0.11,13618174,13618174,https://www.sec.gov/Archives/edgar/data/791963/000079196314000003/0000791963-14-000003-index.html,https://www.sec.gov/Archives/edgar/data/791963/000079196314000003/opy-6302014x10xq.htm
0,2014-03-31,OPY,2014-05-02 00:00:00,2014-05-02 16:22:04,Q1,255168000,177842000,77326000,0.3030395660897918,0.0,32131000,0.0,0.0,34922000,244895000,5164000.0,0.0,12870000,0.050437358916478554,10273000,0.020022103085026336,0.0,5109000.0,0.020022103085026336,1689000.0,3224000.0,0.01263481314271382,0.24,0.23,13536805,14114957,https://www.sec.gov/Archives/edgar/data/791963/000119312514180208/0001193125-14-180208-index.html,https://www.sec.gov/Archives/edgar/data/791963/000119312514180208/d705142d10q.htm
0,2013-12-31,OPY,2014-03-07,2014-03-07 17:23:37,Q4,293362000,201687000,91675000,0.3124978695263872,0.0,32583000,0.0,0.0,29760000,264030000,5973000.0,0.0,33184000,0.11311621818776801,29332000,0.07962517299445736,0.0,23359000,0.07962517299445736,9673000.0,13313000,0.045380792331658495,0.0,0.0,0.0,0.0,https://www.sec.gov/Archives/edgar/data/791963/000119312514089419/d666451d10k.htm,https://www.sec.gov/Archives/edgar/data/791963/000119312514089419/d666451d10k.htm
0,2013-09-30,OPY,2013-11-01 00:00:00,2013-11-01 16:32:06,Q3,243376000,167180000,76196000,0.3130793504700546,0.0,33404000,0.0,0.0,28465000,229049000,6164000.0,0.0,16716000,0.06868384721583065,14327000,0.033540694234435606,0.0,8163000.0,0.033540694234435606,2655000.0,5237000.0,0.02151814476365788,0.38,0.37,13604276,14171802,https://www.sec.gov/Archives/edgar/data/791963/000119312513423077/0001193125-13-423077-index.html,https://www.sec.gov/Archives/edgar/data/791963/000119312513423077/d608330d10q.htm
0,2013-06-30,OPY,2013-08-02 00:00:00,2013-08-02 17:02:38,Q2,243830000,166299000,77531000,0.31797153754665136,0.0,33159000,0.0,0.0,31555000,231013000,7143000.0,0.0,15348000,0.06294549481195916,12817000,0.023270311282450887,0.0,5674000.0,0.023270311282450887,2608000.0,2848000.0,0.011680269039904852,0.21,0.2,13607348,14068368,https://www.sec.gov/Archives/edgar/data/791963/000119312513317389/0001193125-13-317389-index.html,https://www.sec.gov/Archives/edgar/data/791963/000119312513317389/d551835d10q.htm
0,2013-03-31,OPY,2013-05-06 00:00:00,2013-05-06 17:14:25,Q1,239146000,165251000,73895000,0.30899534175775467,0.0,33429000,0.0,0.0,26891000,225571000,6862000.0,0.0,16089000,0.06727689361310664,13575000,0.028070718305972082,0.0,6713000.0,0.028070718305972082,2820000.0,3663000.0,0.015317003002350029,0.27,0.26,13607998,14028715,https://www.sec.gov/Archives/edgar/data/791963/000119312513201902/0001193125-13-201902-index.html,https://www.sec.gov/Archives/edgar/data/791963/000119312513201902/d507526d10q.htm
0,2013-03-21,OPY,2013-05-06 00:00:00,2013-05-06 17:14:25,Q1,0.0,17565000,-17565000,0.0,0.0,0.0,0.0,0.0,0.0,17565000,0.0,160000.0,6873000.0,0.0,6713000.0,0.0,0.0,6713000.0,0.0,2820000.0,3893000.0,0.0,0.00028,0.00028,13607998000,14028715000,https://www.sec.gov/Archives/edgar/data/791963/000119312513201902/0001193125-13-201902-index.html,https://www.sec.gov/Archives/edgar/data/791963/000119312513201902/d507526d10q.htm
0,2012-12-31,OPY,2013-03-06 00:00:00,2013-03-06 06:13:15,Q4,275279000,170599000,78816000,0.2863131586499515,0.0,-400731000,0.0,0.0,57177000,247328000,9222000.0,0.0,5179000.0,0.01881363997980231,2087000.0,-0.025919158381133324,0.0,-7135000.0,-0.025919158381133324,-3768000.0,-3700000.0,-0.013440909041372571,-0.27,-0.27,13611271,13611271,https://www.sec.gov/Archives/edgar/data/791963/000119312513092605/0001193125-13-092605-index.html,https://www.sec.gov/Archives/edgar/data/791963/000119312513092605/d445774d10k.htm
0,2012-09-30,OPY,2012-11-06 00:00:00,2012-11-06 17:10:55,Q3,222996000,0.0,0.0,0.0,0.0,173875000,0.0,0.0,0.0,0.0,8842000.0,0.0,16577000,0.07433765628083015,0.0,0.023578898276202263,0.0,5258000.0,0.023578898276202263,2234000.0,2322000.0,0.010412742829467794,0.17,0.16,13610991,14161257,https://www.sec.gov/Archives/edgar/data/791963/000119312512454815/0001193125-12-454815-index.html,https://www.sec.gov/Archives/edgar/data/791963/000119312512454815/d415821d10q.htm
0,2012-06-30,OPY,2012-08-09 00:00:00,2012-08-09 17:11:56,Q2,224915000,0.0,0.0,0.0,0.0,172213000,0.0,0.0,0.0,0.0,8230000.0,0.0,18798000,0.08357824066869707,0.0,0.034853166751884046,0.0,7839000.0,0.034853166751884046,4464000.0,2422000.0,0.010768512549185249,0.18,0.17,13588842,14009645,https://www.sec.gov/Archives/edgar/data/791963/000119312512347918/0001193125-12-347918-index.html,https://www.sec.gov/Archives/edgar/data/791963/000119312512347918/d334264d10q.htm
0,2012-03-31,OPY,2012-05-02,2012-05-02 17:26:20,Q1,229422000,0.0,0.0,0.0,0.0,180820000,0.0,0.0,0.0,0.0,8792000.0,0.0,8360000.0,0.036439399883184696,0.0,-0.02828412270837147,0.0,-6489000.0,-0.02828412270837147,-2606000.0,-4657000.0,-0.020298837949281237,-0.34,-0.34,13597330,13597330,https://www.sec.gov/Archives/edgar/data/791963/000119312512098787/d304670d10k.htm,https://www.sec.gov/Archives/edgar/data/791963/000119312512098787/d304670d10k.htm
0,2011-12-31,OPY,2012-03-06 00:00:00,2012-03-06 14:44:05,Q4,220085000,0.0,0.0,0.0,0.0,168356000,0.0,0.0,0.0,0.0,9353000.0,0.0,16150000,0.07338073925983143,0.0,0.009319126701047323,0.0,2051000.0,0.009319126701047323,-1908000.0,3433000.0,0.015598518754117727,0.0,0.0,0.0,0.0,https://www.sec.gov/Archives/edgar/data/791963/000119312512098787/0001193125-12-098787-index.html,https://www.sec.gov/Archives/edgar/data/791963/000119312512098787/d304670d10k.htm
0,2011-09-30,OPY,2011-11-10 00:00:00,2011-11-10 17:11:34,Q3,221389000,0.0,0.0,0.0,0.0,170603000,0.0,0.0,0.0,0.0,10230000,0.0,18437000,0.08327875368694922,0.0,0.019260216180569042,0.0,4264000.0,0.019260216180569042,1805000.0,2106000.0,0.009512667747720076,0.15,0.15,13670604,13915897,https://www.sec.gov/Archives/edgar/data/791963/000095012311097654/0000950123-11-097654-index.html,https://www.sec.gov/Archives/edgar/data/791963/000095012311097654/c21966e10vq.htm
0,2011-06-30,OPY,2011-08-09 00:00:00,2011-08-09 15:00:55,Q2,233849000,0.0,0.0,0.0,0.0,182805000,0.0,0.0,0.0,0.0,10669000,0.0,16364000,0.06997677988787636,0.0,0.007286753417803797,0.0,1704000.0,0.007286753417803797,1266000.0,-309000.0,-0.0013213654965383646,-0.02,-0.02,13658720,13937375,https://www.sec.gov/Archives/edgar/data/791963/000095012311075008/0000950123-11-075008-index.html,https://www.sec.gov/Archives/edgar/data/791963/000095012311075008/c20377e10vq.htm
0,2011-03-31,OPY,2011-05-05 00:00:00,2011-05-05 16:09:12,Q1,245643000,0.0,0.0,0.0,0.0,192667000,0.0,0.0,0.0,0.0,7774000.0,0.0,22212000,0.09042390786629377,0.0,0.040013352711048146,0.0,9829000.0,0.040013352711048146,4068000.0,5086000.0,0.020704844021608593,0.38,0.36,13550723,14203413,https://www.sec.gov/Archives/edgar/data/791963/000079196311000002/0000791963-11-000002-index.html,https://www.sec.gov/Archives/edgar/data/791963/000079196311000002/sec311v3e.htm
0,2010-12-31,OPY,2011-03-02,2011-03-02 13:58:42,Q4,289054000,0.0,0.0,0.0,0.0,212242000,0.0,0.0,0.0,0.0,7706000.0,0.0,43456000,0.15033869104042843,0.0,0.10819431663287829,0.0,31274000,0.10819431663287829,13938000,16540000,0.0572211420703398,0.0,0.0,0.0,0.0,https://www.sec.gov/Archives/edgar/data/791963/000079196311000001/f10kv4e.htm,https://www.sec.gov/Archives/edgar/data/791963/000079196311000001/f10kv4e.htm
0,2010-09-30,OPY,2010-11-09 00:00:00,2010-11-09 15:49:59,Q3,228623000,0.0,0.0,0.0,0.0,180848000,0.0,0.0,0.0,0.0,6518000.0,0.0,18131000,0.0793052317570848,0.0,0.03274386216609877,0.0,7486000.0,0.03274386216609877,3469000.0,3421000.0,0.014963498860569585,0.26,0.25,13355468,13956711,https://www.sec.gov/Archives/edgar/data/791963/000079196310000008/0000791963-10-000008-index.html,https://www.sec.gov/Archives/edgar/data/791963/000079196310000008/sec910.htm
0,2010-06-30,OPY,2010-08-03 00:00:00,2010-08-03 16:12:48,Q2,250607000,0.0,0.0,0.0,0.0,188427000,0.0,0.0,0.0,0.0,6389000.0,0.0,26535000,0.10588291627927392,0.0,0.064427569860379,0.0,16146000,0.064427569860379,6284000.0,9202000.0,0.03671884664035721,0.69,0.66,13349551,13899367,https://www.sec.gov/Archives/edgar/data/791963/000079196310000007/0000791963-10-000007-index.html,https://www.sec.gov/Archives/edgar/data/791963/000079196310000007/secc610v2h.htm
0,2010-03-31,OPY,2010-05-07 00:00:00,2010-05-07 14:26:41,Q1,240874000,0.0,0.0,0.0,0.0,181181000,0.0,0.0,0.0,0.0,5988000.0,0.0,26017000,0.10801082723747686,0.0,0.06584355306093642,0.0,15860000,0.06584355306093642,6496000.0,9168000.0,0.03806139309348456,0.69,0.66,13296980,13855982,https://www.sec.gov/Archives/edgar/data/791963/000079196310000004/0000791963-10-000004-index.html,https://www.sec.gov/Archives/edgar/data/791963/000079196310000004/sec310.htm
0,2009-12-31,OPY,2010-03-05 00:00:00,2010-03-05 16:55:59,Q4,267759000,0.0,0.0,0.0,0.0,209936000,0.0,0.0,0.0,0.0,5618000.0,0.0,20354000,0.07601611897265825,0.0,0.03962145063284521,0.0,10609000,0.03962145063284521,4146000.0,6463000.0,0.02413737726836446,0.0,0.0,0.0,0.0,https://www.sec.gov/Archives/edgar/data/791963/000079196310000003/0000791963-10-000003-index.html,https://www.sec.gov/Archives/edgar/data/791963/000079196310000003/f10kv5g.htm
0,2009-09-30,OPY,2009-11-05 00:00:00,2009-11-05 17:24:57,Q3,257221000,0.0,0.0,0.0,0.0,196543000,0.0,0.0,0.0,0.0,4846000.0,0.0,23303000,0.09059524688886211,0.0,0.05462228978193849,0.0,14050000,0.05462228978193849,6142000.0,7908000.0,0.030743990576197124,0.6,0.59,13110471,13500842,https://www.sec.gov/Archives/edgar/data/791963/000079196309000013/0000791963-09-000013-index.html,https://www.sec.gov/Archives/edgar/data/791963/000079196309000013/secc909.htm
0,2009-06-30,OPY,2009-08-06 00:00:00,2009-08-06 16:22:59,Q2,245681000,0.0,0.0,0.0,0.0,189167000,0.0,0.0,0.0,0.0,5043000.0,0.0,22563000,0.09183860371782922,0.0,0.05281645711308567,0.0,12976000,0.05281645711308567,5846000.0,7130000.0,0.029021373244166215,0.55,0.54,13069014,13283500,https://www.sec.gov/Archives/edgar/data/791963/000079196309000011/0000791963-09-000011-index.html,https://www.sec.gov/Archives/edgar/data/791963/000079196309000011/secc609.htm
0,2009-03-31,OPY,2009-05-07 00:00:00,2009-05-07 14:20:55,Q1,199722000,0.0,0.0,0.0,0.0,160413000,0.0,0.0,0.0,0.0,5543000.0,0.0,7087000.0,0.03548432320926087,0.0,-0.01412964019987783,0.0,-2822000.0,-0.01412964019987783,-808000.0,-2014000.0,-0.010084016783328827,-0.15,-0.15,13072097,13072097,https://www.sec.gov/Archives/edgar/data/791963/000079196309000008/0000791963-09-000008-index.html,https://www.sec.gov/Archives/edgar/data/791963/000079196309000008/sec309.htm
0,2008-12-31,OPY,2009-03-03 00:00:00,2009-03-03 09:04:02,Q4,204831000,0.0,0.0,0.0,0.0,219337000,0.0,0.0,0.0,0.0,4936000.0,0.0,25452000,0.12425853508502131,0.0,-0.037733546191738555,0.0,-7729000.0,-0.037733546191738555,-3904000.0,-3825000.0,-0.01867393119205589,0.0,0.0,0.0,0.0,https://www.sec.gov/Archives/edgar/data/791963/000079196309000002/0000791963-09-000002-index.html,https://www.sec.gov/Archives/edgar/data/791963/000079196309000002/sec123108.htm
0,2008-09-30,OPY,2008-11-07 00:00:00,2008-11-07 16:05:31,Q3,211795000,0.0,0.0,0.0,0.0,141343000,0.0,0.0,0.0,0.0,10392000,0.0,16110000,0.07606411860525508,0.0,-0.0175216600958474,0.0,-3711000.0,-0.0175216600958474,-1234000.0,-2477000.0,-0.011695271370901107,-0.18,-0.18,13761111,13761111,https://www.sec.gov/Archives/edgar/data/791963/000079196308000008/0000791963-08-000008-index.html,https://www.sec.gov/Archives/edgar/data/791963/000079196308000008/sec908v4b.htm
0,2008-06-30,OPY,2008-08-06 00:00:00,2008-08-06 14:44:42,Q2,244713000,0.0,0.0,0.0,0.0,168313000,0.0,0.0,0.0,0.0,11528000,0.0,3425000.0,0.013995987135951094,0.0,0.008928826829796538,0.0,2185000.0,0.008928826829796538,539000.0,1646000.0,0.00672624666446,0.12,0.12,13716667,13716667,https://www.sec.gov/Archives/edgar/data/791963/000079196308000007/0000791963-08-000007-index.html,https://www.sec.gov/Archives/edgar/data/791963/000079196308000007/sec63208.htm
0,2008-03-31,OPY,2008-05-12 00:00:00,2008-05-12 16:43:55,Q1,219733000,0.0,0.0,0.0,0.0,172396000,0.0,0.0,0.0,0.0,12142000,0.0,-16521000,-0.07518670386332503,0.0,-0.1219161436834704,0.0,-26789000,-0.1219161436834704,-10674000,-16115000,-0.07333900688562937,-1.19,-1.19,13542017,13542017,https://www.sec.gov/Archives/edgar/data/791963/000079196308000005/0000791963-08-000005-index.html,https://www.sec.gov/Archives/edgar/data/791963/000079196308000005/sec308.htm
0,2007-12-31,OPY,2008-03-07,2008-03-07 17:24:47,Q4,245572000,0.0,0.0,0.0,0.0,153523000,0.0,0.0,0.0,0.0,12786000,0.0,56183000,0.22878422621471503,0.0,0.1804155196846546,0.0,44305000,0.1804155196846546,17768000,26537000,0.10806199403840828,0.0,0.0,0.0,0.0,https://www.sec.gov/Archives/edgar/data/791963/000079196308000003/f10k07.htm,https://www.sec.gov/Archives/edgar/data/791963/000079196308000003/f10k07.htm
0,2007-09-30,OPY,2007-11-13 00:00:00,2007-11-13 08:04:16,Q3,200947000,0.0,0.0,0.0,0.0,127271000,0.0,0.0,0.0,0.0,14226000,0.0,37340000,0.18582014162938487,0.0,0.13446829263437624,0.0,27021000,0.13446829263437624,10747000,16274000,0.08098652878619736,1.23,1.19,13230894,13675630,https://www.sec.gov/Archives/edgar/data/791963/000079196307000012/0000791963-07-000012-index.html,https://www.sec.gov/Archives/edgar/data/791963/000079196307000012/sec907.htm
0,2007-06-30,OPY,2007-08-07 00:00:00,2007-08-07 16:10:23,Q2,211967000,0.0,0.0,0.0,0.0,134777000,0.0,0.0,0.0,0.0,14783000,0.0,38384000,0.18108479150056378,0.0,0.13155821425033143,0.0,27886000,0.13155821425033143,12120000,15766000,0.07437950246972407,1.19,1.16,13248739,13591379,https://www.sec.gov/Archives/edgar/data/791963/000079196307000004/0000791963-07-000004-index.html,https://www.sec.gov/Archives/edgar/data/791963/000079196307000004/f10q607.htm
0,2007-03-31,OPY,2007-05-09 00:00:00,2007-05-08 17:34:04,Q1,199268000,0.0,0.0,0.0,0.0,124629000,0.0,0.0,0.0,0.0,14848000,0.0,41752000,0.2095268683381175,0.0,0.1414276251078949,0.0,28182000,0.1414276251078949,11392000,16790000,0.08425838569163137,1.28,1.26,13117188,13325397,https://www.sec.gov/Archives/edgar/data/791963/000079196307000002/0000791963-07-000002-index.html,https://www.sec.gov/Archives/edgar/data/791963/000079196307000002/sec307.htm
0,2006-12-31,OPY,2007-03-08,2007-03-08 15:12:48,Q4,203070000,0.0,0.0,0.0,0.0,132448000,0.0,0.0,0.0,0.0,15216000,0.0,17465000,0.08600482592209582,0.0,0.10818929433200375,0.0,21970000,0.10818929433200375,11420000,10550000,0.05195252868469001,0.0,0.0,0.0,0.0,https://www.sec.gov/Archives/edgar/data/791963/000079196307000001/f10k06v5hedgar.htm,https://www.sec.gov/Archives/edgar/data/791963/000079196307000001/f10k06v5hedgar.htm
0,2006-09-30,OPY,2006-11-08,2006-11-08 12:27:11,Q3,171431000,0.0,0.0,0.0,0.0,112148000,0.0,0.0,0.0,0.0,17032000,0.0,10042000,0.05857750348536729,0.0,0.07743056973359544,0.0,13274000,0.07743056973359544,5601000.0,7673000.0,0.04475853258745501,0.6,0.51,12788333,15045098,https://www.sec.gov/Archives/edgar/data/791963/000079196306000014/sec906.htm,https://www.sec.gov/Archives/edgar/data/791963/000079196306000014/sec906.htm
0,2006-06-30,OPY,2006-08-08,2006-08-08 14:30:23,Q2,176732000,0.0,0.0,0.0,0.0,115749000,0.0,0.0,0.0,0.0,16292000,0.0,12900000,0.07299187470294005,0.0,0.08937260937464636,0.0,15795000,0.08937260937464636,6658000.0,9137000.0,0.051699748772152186,0.72,0.52,12690278,12690278,https://www.sec.gov/Archives/edgar/data/791963/000079196306000011/f10q.htm,https://www.sec.gov/Archives/edgar/data/791963/000079196306000011/f10q.htm
0,2006-03-31,OPY,2006-05-09,2006-05-09 14:58:07,Q1,186723000,0.0,0.0,0.0,0.0,113005000,0.0,0.0,0.0,0.0,14327000,0.0,20064000,0.10745328641892,0.0,0.1575113938829175,0.0,29411000,0.1575113938829175,12194000,17217000,0.09220610208704873,1.36,0.93,12659559,12659559,https://www.sec.gov/Archives/edgar/data/791963/000079196306000003/f10k05v8ab.htm,https://www.sec.gov/Archives/edgar/data/791963/000079196306000003/f10k05v8ab.htm
0,2005-12-31,OPY,2006-03-10,2006-03-10 15:18:33,Q4,172658000,0.0,0.0,0.0,0.0,111300000,0.0,0.0,0.0,0.0,12651000,0.0,6418000.0,0.03717174993339434,0.0,0.08812218373895214,0.0,15215000,0.08812218373895214,7477000.0,7738000.0,0.04481692131265276,0.0,0.0,0.0,0.0,https://www.sec.gov/Archives/edgar/data/791963/000079196306000003/f10k05v8ab.htm,https://www.sec.gov/Archives/edgar/data/791963/000079196306000003/f10k05v8ab.htm
0,2005-09-30,OPY,2005-11-03,2005-11-03 12:24:48,Q3,159788000,0.0,0.0,0.0,0.0,104441000,0.0,0.0,0.0,0.0,11474000,0.0,6065000.0,0.03795654241870478,0.0,0.07159486319373169,0.0,11440000,0.07159486319373169,4822000.0,6618000.0,0.0414173780258843,0.51,0.38,12976471,16150943,https://www.sec.gov/Archives/edgar/data/791963/000079196305000020/sec9055d.htm,https://www.sec.gov/Archives/edgar/data/791963/000079196305000020/sec9055d.htm
0,2005-06-30,OPY,2005-08-09,2005-08-09 08:14:41,Q2,157059000,0.0,0.0,0.0,0.0,101355000,0.0,0.0,0.0,0.0,8870000.0,0.0,106000.0,0.0006749056087202898,0.0,0.05439357184242864,0.0,8543000.0,0.05439357184242864,3748000.0,4795000.0,0.03052992824352632,0.36,0.29,13319444,16534483,https://www.sec.gov/Archives/edgar/data/791963/000079196305000014/sec605v8bedgar.htm,https://www.sec.gov/Archives/edgar/data/791963/000079196305000014/sec605v8bedgar.htm
0,2005-03-31,OPY,2005-05-16,2005-05-16 17:23:43,Q1,150505000,0.0,0.0,0.0,0.0,103956000,0.0,0.0,0.0,0.0,6741000.0,0.0,1043000.0,0.006930002325504136,0.0,0.043128135277897744,0.0,6491000.0,0.043128135277897744,2726000.0,3765000.0,0.025015780206637653,0.28,0.24,13446429,15687500,https://www.sec.gov/Archives/edgar/data/791963/000079196305000005/t15975.htm,https://www.sec.gov/Archives/edgar/data/791963/000079196305000005/t15975.htm
0,2004-12-31,OPY,2005-03-15,2005-03-15 11:47:16,Q4,169199000,0.0,0.0,0.0,0.0,109164000,0.0,0.0,0.0,0.0,7009000.0,0.0,24039000,0.1420753077736866,0.0,0.08476409435043943,0.0,14342000,0.08476409435043943,6005000.0,8337000.0,0.049273340858988525,0.0,0.0,0.0,0.0,https://www.sec.gov/Archives/edgar/data/791963/000079196305000005/t15975.htm,https://www.sec.gov/Archives/edgar/data/791963/000079196305000005/t15975.htm
0,2004-09-30,OPY,2004-11-03,2004-11-03 15:59:17,Q3,136352000,0.0,0.0,0.0,0.0,95117000,0.0,0.0,0.0,0.0,4769000.0,0.0,-13490000,-0.09893510912931237,0.0,0.02049108190565595,0.0,2794000.0,0.02049108190565595,1198000.0,1596000.0,0.011704998826566533,0.12,0.12,13300000,13300000,https://www.sec.gov/Archives/edgar/data/791963/000079196304000010/sec904.htm,https://www.sec.gov/Archives/edgar/data/791963/000079196304000010/sec904.htm
0,2004-06-30,OPY,2004-08-05,2004-08-05 12:13:58,Q2,150571000,0.0,0.0,0.0,0.0,104605000,0.0,0.0,0.0,0.0,4172000.0,0.0,-13955000,-0.09268052945122235,0.0,0.018077850316462002,0.0,2722000.0,0.018077850316462002,1143000.0,1579000.0,0.01048674711597851,0.12,0.12,13158333,13158333,https://www.sec.gov/Archives/edgar/data/791963/000079196304000008/sec604.htm,https://www.sec.gov/Archives/edgar/data/791963/000079196304000008/sec604.htm
0,2004-03-31,OPY,2004-05-07,2004-05-06 17:47:52,Q1,181783000,0.0,0.0,0.0,0.0,119361000,0.0,0.0,0.0,0.0,3986000.0,0.0,-11825000,-0.06505008719187162,0.0,0.10179169669331016,0.0,18504000,0.10179169669331016,7515000.0,10989000,0.06045119730667884,0.83,0.58,13239759,13239759,https://www.sec.gov/Archives/edgar/data/791963/000079196304000001/sec10k.htm,https://www.sec.gov/Archives/edgar/data/791963/000079196304000001/sec10k.htm
0,2003-12-31,OPY,2004-03-12,2004-03-11 18:39:27,Q4,163734000,0.0,0.0,0.0,0.0,121698000,0.0,0.0,0.0,0.0,2857000.0,0.0,-16488000,-0.10069991571695555,0.0,0.07821832972992782,0.0,12807000,0.07821832972992782,5038000.0,7769000.0,0.047448911038635834,0.0,0.0,0.0,0.0,https://www.sec.gov/Archives/edgar/data/791963/000079196304000001/sec10k.htm,https://www.sec.gov/Archives/edgar/data/791963/000079196304000001/sec10k.htm
0,2003-09-30,OPY,2003-10-31,2003-10-31 16:52:49,Q3,172431000,0.0,0.0,0.0,0.0,114499000,0.0,0.0,0.0,0.0,3973000.0,0.0,-17865000,-0.10360666005532648,0.0,0.06552186091828036,0.0,11298000,0.06552186091828036,4682000.0,6616000.0,0.038368970776716485,0.52,0.36,12723077,15279592,https://www.sec.gov/Archives/edgar/data/791963/000079196303000019/sec903.htm,https://www.sec.gov/Archives/edgar/data/791963/000079196303000019/sec903.htm
0,2003-06-30,OPY,2003-08-12,2003-08-12 10:57:05,Q2,160066000,0.0,0.0,0.0,0.0,101467000,0.0,0.0,0.0,0.0,4331000.0,0.0,-20102000,-0.12558569590044108,0.0,0.08497119938025564,0.0,13601000,0.08497119938025564,5682000.0,7919000.0,0.04947334224632339,0.62,0.43,12772581,15279592,https://www.sec.gov/Archives/edgar/data/791963/000079196303000017/sec603.htm,https://www.sec.gov/Archives/edgar/data/791963/000079196303000017/sec603.htm
0,2003-03-31,OPY,2003-05-13,2003-05-13 17:11:54,Q1,157690000,0.0,0.0,0.0,0.0,97496000,0.0,0.0,0.0,0.0,3161000.0,0.0,-7774000.0,-0.049299258037922504,0.0,0.08178705054220306,0.0,12897000,0.08178705054220306,5410000.0,7487000.0,0.04747923140338639,0.59,0.49,12689831,15279592,https://www.sec.gov/Archives/edgar/data/791963/000079196303000006/f10k02.htm,https://www.sec.gov/Archives/edgar/data/791963/000079196303000006/f10k02.htm
0,2002-12-31,OPY,2003-03-18,2003-03-18 16:34:43,Q4,73755000,0.0,0.0,0.0,0.0,44682000,0.0,0.0,0.0,0.0,2395000.0,0.0,-10118000,-0.1371839197342553,0.0,0.07611687343230968,0.0,5614000.0,0.07611687343230968,2317000.0,3297000.0,0.04470205409802725,0.0,0.0,0.0,0.0,https://www.sec.gov/Archives/edgar/data/791963/000079196303000006/f10k02.htm,https://www.sec.gov/Archives/edgar/data/791963/000079196303000006/f10k02.htm
0,2002-09-30,OPY,2002-10-30,2002-10-30 16:41:28,Q3,66355000,0.0,0.0,0.0,0.0,40738000,0.0,0.0,0.0,0.0,2167000.0,0.0,-7266000.0,-0.10950192148293271,0.0,0.04197121543214528,0.0,2785000.0,0.04197121543214528,1050000.0,1735000.0,0.026147238339235927,0.14,0.14,12392857,12392857,https://www.sec.gov/Archives/edgar/data/791963/000079196302000005/sec902.htm,https://www.sec.gov/Archives/edgar/data/791963/000079196302000005/sec902.htm
0,2002-06-30,OPY,2002-07-29 00:00:00,2002-07-29 14:25:16,Q2,66273000,0.0,0.0,0.0,0.0,40525000,0.0,0.0,0.0,0.0,1871000.0,0.0,-6655000.0,-0.10041796810164018,0.0,0.028850361383972355,0.0,1912000.0,0.028850361383972355,1029000.0,883000.0,0.013323676308602296,0.07,0.07,12614286,12614286,https://www.sec.gov/Archives/edgar/data/791963/000079196302000004/0000791963-02-000004-index.html,https://www.sec.gov/Archives/edgar/data/791963/000079196302000004/sec602.htm
0,2002-03-31,OPY,2002-05-03,2002-05-03 15:20:58,Q1,68571000,0.0,0.0,0.0,0.0,43865000,0.0,0.0,0.0,0.0,1946000.0,0.0,-8028000.0,-0.11707573172332326,0.0,0.03800440419419288,0.0,2606000.0,0.03800440419419288,974000.0,3406000.0,0.049671143777981944,0.27,0.26,12614815,13100000,https://www.sec.gov/Archives/edgar/data/791963/000079196302000001/f10k01z.htm,https://www.sec.gov/Archives/edgar/data/791963/000079196302000001/f10k01z.htm
0,2001-12-31,OPY,2002-04-01,2002-04-01 00:00:00,Q4,75307000,0.0,0.0,0.0,0.0,47452000,0.0,0.0,0.0,0.0,1835000.0,0.0,-8636000.0,-0.11467725443849841,0.0,0.04626395952567491,0.0,3484000.0,0.04626395952567491,704000.0,2780000.0,0.03691555897858101,0.0,0.0,0.0,0.0,https://www.sec.gov/Archives/edgar/data/791963/000079196302000001/f10k01z.htm,https://www.sec.gov/Archives/edgar/data/791963/000079196302000001/f10k01z.htm
0,2001-09-30,OPY,2001-10-31 00:00:00,2001-10-31 00:00:00,Q3,51891000,0.0,0.0,0.0,0.0,32488000,0.0,0.0,0.0,0.0,1857000.0,0.0,-2765000.0,-0.05328476999865102,0.0,0.10901697789597425,0.0,5657000.0,0.10901697789597425,2323000.0,3334000.0,0.06425006263128481,0.27,0.26,12348148,12823077,https://www.sec.gov/Archives/edgar/data/791963/000079196301500016/0000791963-01-500016-index.html,https://www.sec.gov/Archives/edgar/data/791963/000079196301500016/fq901c.htm
0,2001-06-30,OPY,2001-07-31 00:00:00,2001-07-31 00:00:00,Q2,53328000,0.0,0.0,0.0,0.0,32222000,0.0,0.0,0.0,0.0,3548000.0,0.0,-476000.0,-0.008925892589258926,0.0,0.12846909690969097,0.0,6851000.0,0.12846909690969097,2932000.0,3919000.0,0.07348859885988598,0.32,0.3,12246875,13063333,https://www.sec.gov/Archives/edgar/data/791963/000079196301500014/0000791963-01-500014-index.html,https://www.sec.gov/Archives/edgar/data/791963/000079196301500014/q601.htm
0,2001-03-31,OPY,2001-05-02 00:00:00,2001-05-02 00:00:00,Q1,66664000,0.0,0.0,0.0,0.0,36676000,0.0,0.0,0.0,0.0,6831000.0,0.0,5160000.0,0.07740309612384495,0.0,0.234309372374895,0.0,15620000,0.234309372374895,6503000.0,9117000.0,0.13676047041881675,0.74,0.71,12320270,12840845,https://www.sec.gov/Archives/edgar/data/791963/000079196301500009/0000791963-01-500009-index.html,https://www.sec.gov/Archives/edgar/data/791963/000079196301500009/qa301.htm
0,2000-12-31,OPY,,,Q4,61000000,0.0,0.0,0.0,0.0,36430000,0.0,0.0,0.0,0.0,13218000,0.0,13015000,0.2133606557377049,0.0,0.1822622950819672,0.0,11118000,0.1822622950819672,3464000.0,7654000.0,0.12547540983606556,0.0,0.0,0.0,0.0,,
0,2000-09-30,OPY,2000-10-31 00:00:00,2000-10-31 00:00:00,Q3,62116000,0.0,0.0,0.0,0.0,36558000,0.0,0.0,0.0,0.0,7349000.0,0.0,5173000.0,0.08327967029428811,0.0,0.1909974885697727,0.0,11864000,0.1909974885697727,5489000.0,6375000.0,0.10263056217399703,0.53,0.51,12028302,12500000,https://www.sec.gov/Archives/edgar/data/791963/000079196300000009/0000791963-00-000009-index.html,https://www.sec.gov/Archives/edgar/data/791963/000079196300000009/0000791963-00-000009-0001.txt
0,2000-06-30,OPY,2000-08-03 00:00:00,2000-08-03 00:00:00,Q2,63519000,0.0,0.0,0.0,0.0,34857000,0.0,0.0,0.0,0.0,5905000.0,0.0,4804000.0,0.0756309135849116,0.0,0.22678253750846203,0.0,14405000,0.22678253750846203,6113000.0,8292000.0,0.13054361687054267,0.68,0.67,12194118,12376119,https://www.sec.gov/Archives/edgar/data/791963/000079196300000008/0000791963-00-000008-index.html,https://www.sec.gov/Archives/edgar/data/791963/000079196300000008/0000791963-00-000008-0001.txt
0,2000-03-31,OPY,2000-05-03 00:00:00,2000-05-03 00:00:00,Q1,96742000,0.0,0.0,0.0,0.0,47036000,0.0,0.0,0.0,0.0,6650000.0,0.0,894000.0,0.009241074197349652,0.0,0.3548097000268756,0.0,34325000,0.3548097000268756,15745000,18580000,0.19205722436997374,1.53,1.51,12143791,12304636,https://www.sec.gov/Archives/edgar/data/791963/000079196300000003/0000791963-00-000003-index.html,https://www.sec.gov/Archives/edgar/data/791963/0000791963-00-000003.txt
0,1999-12-31,OPY,,,Q4,71886000,0.0,0.0,0.0,0.0,40288000,0.0,0.0,0.0,0.0,5367000.0,0.0,21620000,0.30075397156609074,0.0,0.21307347745040758,0.0,15317000,0.21307347745040758,7122000.0,8195000.0,0.11399994435634199,0.0,0.0,0.0,0.0,,
0,1999-09-30,OPY,,,Q3,59229000,0.0,0.0,0.0,0.0,32129000,0.0,0.0,0.0,0.0,5719000.0,0.0,1199000.0,0.02024346181769066,0.0,0.19308109203261917,0.0,11436000,0.19308109203261917,5183000.0,6253000.0,0.10557328335781459,0.5,0.5,12501571,12677219,,
0,1999-06-30,OPY,,,Q2,67369000,0.0,0.0,0.0,0.0,37189000,0.0,0.0,0.0,0.0,5579000.0,0.0,76000.0,0.0011281153052590954,0.0,0.20417402662945866,0.0,13755000,0.20417402662945866,6148000.0,7607000.0,0.11291543588297288,0.61,0.6,12511060,12672472,,
0,1999-03-31,OPY,,,Q1,59316000,0.0,0.0,0.0,0.0,33994000,0.0,0.0,0.0,0.0,4635000.0,0.0,633000.0,0.010671656888529233,0.0,0.1684537055769101,0.0,9992000.0,0.1684537055769101,4647000.0,5345000.0,0.09011059410614337,0.43,0.42,12511282,12651416,,
0,1998-12-31,OPY,,,Q4,24086000,0.0,0.0,0.0,0.0,24100000,0.0,0.0,0.0,0.0,4315000.0,0.0,7713000.0,0.320227518060284,0.0,-0.6363447645935398,0.0,-15327000,-0.6363447645935398,-6947000.0,-8380000.0,-0.34791995349995847,0.0,0.0,0.0,0.0,,
0,1998-09-30,OPY,1998-11-03 00:00:00,1998-11-03 00:00:00,Q3,61918000,0.0,0.0,0.0,0.0,33254000,0.0,0.0,0.0,0.0,5360000.0,0.0,2767000.0,0.0446881359217029,0.0,0.22117962466487937,0.0,13695000,0.22117962466487937,6106000.0,7589000.0,0.1225653283374786,0.6,0.59,12654045,12782468,https://www.sec.gov/Archives/edgar/data/791963/000079196398000013/0000791963-98-000013-index.html,https://www.sec.gov/Archives/edgar/data/791963/0000791963-98-000013.txt
0,1998-06-30,OPY,,,Q2,61964000,0.0,0.0,0.0,0.0,36317000,0.0,0.0,0.0,0.0,5939000.0,0.0,3417000.0,0.05514492285843393,0.0,0.18020140726873668,0.0,11166000,0.18020140726873668,4961000.0,6205000.0,0.10013879026531534,0.49,0.47,12684423,13146645,,
0,1998-03-31,OPY,,,Q1,62982000,0.0,0.0,0.0,0.0,36393000,0.0,0.0,0.0,0.0,6217000.0,0.0,-165000.0,-0.002619796132228256,0.0,0.1935314851862437,0.0,12189000,0.1935314851862437,5156000.0,7033000.0,0.11166682544218984,0.56,0.54,12670362,13047430,,
0,1997-12-31,OPY,,,Q4,67575000,0.0,0.0,0.0,0.0,35590000,0.0,0.0,0.0,0.0,6957000.0,0.0,962000.0,0.014236034036256012,0.0,0.19193488716241214,0.0,12970000,0.19193488716241214,5231000.0,7739000.0,0.11452460229374768,0.0,0.0,0.0,0.0,,
0,1997-09-30,OPY,1997-10-31 00:00:00,1997-10-31 00:00:00,Q3,66855000,0.0,0.0,0.0,0.0,37630000,0.0,0.0,0.0,0.0,5865000.0,0.0,1841000.0,0.02753720738912572,0.0,0.18952957893949593,0.0,12671000,0.18952957893949593,5254000.0,7417000.0,0.11094159000822676,0.58,0.56,12726350,12726350,https://www.sec.gov/Archives/edgar/data/791963/000079196397000008/0000791963-97-000008-index.html,https://www.sec.gov/Archives/edgar/data/791963/0000791963-97-000008.txt
0,1997-06-30,OPY,1997-07-30 00:00:00,1997-07-30 00:00:00,Q2,40157000,0.0,0.0,0.0,0.0,22112000,0.0,0.0,0.0,0.0,4261000.0,0.0,681000.0,0.016958438130338423,0.0,0.201932415270065,0.0,8109000.0,0.201932415270065,3603000.0,4506000.0,0.11220957740867096,0.36,0.34,12429534,12429534,https://www.sec.gov/Archives/edgar/data/791963/000079196397000007/0000791963-97-000007-index.html,https://www.sec.gov/Archives/edgar/data/791963/0000791963-97-000007.txt
0,1997-03-31,OPY,1997-04-25 00:00:00,1997-04-25 00:00:00,Q1,47410000,0.0,0.0,0.0,0.0,24453000,0.0,0.0,0.0,0.0,3078000.0,0.0,-1454000.0,-0.03066863530900654,0.0,0.26859312381354145,0.0,12734000,0.26859312381354145,5665000.0,7069000.0,0.14910356464880828,0.55,0.53,12495251,12495251,https://www.sec.gov/Archives/edgar/data/791963/000079196397000005/0000791963-97-000005-index.html,https://www.sec.gov/Archives/edgar/data/791963/0000791963-97-000005.txt
0,1996-12-31,OPY,,,Q4,41934000,0.0,0.0,0.0,0.0,21318000,0.0,0.0,0.0,0.0,3090000.0,0.0,5010000.0,0.11947345829160108,0.0,0.21953546048552489,0.0,9206000.0,0.21953546048552489,4029000.0,5177000.0,0.12345590690132112,0.0,0.0,0.0,0.0,,
0,1996-09-30,OPY,1996-10-23 00:00:00,1996-10-23 00:00:00,Q3,41839000,0.0,0.0,0.0,0.0,22616000,0.0,0.0,0.0,0.0,3924000.0,0.0,-2182000.0,-0.05215229809507876,0.0,0.22973780444083272,0.0,9612000.0,0.22973780444083272,4058000.0,5554000.0,0.13274695857931595,0.45,0.44,12449093,12449093,https://www.sec.gov/Archives/edgar/data/791963/000079196396000013/0000791963-96-000013-index.html,https://www.sec.gov/Archives/edgar/data/791963/0000791963-96-000013.txt
0,1996-06-30,OPY,1996-07-19 00:00:00,1996-07-19 00:00:00,Q2,62949000,0.0,0.0,0.0,0.0,31439000,0.0,0.0,0.0,0.0,4502000.0,0.0,-7721000.0,-0.12265484757502104,0.0,0.33212600676738313,0.0,20907000,0.33212600676738313,9250000.0,11657000,0.1851816549905479,0.94,0.91,12429534,12429534,https://www.sec.gov/Archives/edgar/data/791963/000079196396000007/0000791963-96-000007-index.html,https://www.sec.gov/Archives/edgar/data/791963/0000791963-96-000007.txt
0,1996-03-31,OPY,1996-04-26 00:00:00,1996-04-26 00:00:00,Q1,50955000,0.0,0.0,0.0,0.0,26686000,0.0,0.0,0.0,0.0,4795000.0,0.0,-4447000.0,-0.08727308409380827,0.0,0.27822588558532035,0.0,14177000,0.27822588558532035,6286000.0,7891000.0,0.1548621332548327,0.63,0.61,12495251,12495251,https://www.sec.gov/Archives/edgar/data/791963/000079196396000006/0000791963-96-000006-index.html,https://www.sec.gov/Archives/edgar/data/791963/0000791963-96-000006.txt
