,date,symbol,fillingDate,acceptedDate,period,revenue,costOfRevenue,grossProfit,grossProfitRatio,researchAndDevelopmentExpenses,generalAndAdministrativeExpenses,sellingAndMarketingExpenses,otherExpenses,operatingExpenses,costAndExpenses,interestExpense,depreciationAndAmortization,ebitda,ebitdaratio,operatingIncome,operatingIncomeRatio,totalOtherIncomeExpensesNet,incomeBeforeTax,incomeBeforeTaxRatio,incomeTaxExpense,netIncome,netIncomeRatio,eps,epsdiluted,weightedAverageShsOut,weightedAverageShsOutDil,link,finalLink
0,2020-05-31,LOACU,,,Q1,0.0,0.0,0.0,0.0,0.0,0.0,0.0,168890.0,168890.0,168890.0,45050.0,0.0,-78790.0,0.0,-168890.0,0.0,0.0,-123840.0,0.0,0.0,-123840.0,0.0,-0.06225,-0.06225,1989260.0,1989260.0,,
0,2020-02-29,LOACU,2020-04-30,2020-04-30 16:31:19,Q4,0.0,0.0,0.0,0.0,0.0,0.0,0.0,218240.0,218240.0,218240.0,152490.0,0.0,86740.0,0.0,-218240.0,0.0,0.0,-65750.0,0.0,0.0,-65750.0,0.0,-0.03391,-0.03391,1938900.0,1938900.0,https://www.sec.gov/Archives/edgar/data/1743858/000110465920054472/tm2015294d1_10k.htm,https://www.sec.gov/Archives/edgar/data/1743858/000110465920054472/tm2015294d1_10k.htm
0,2019-11-30,LOACU,2020-01-10,2020-01-10 16:12:09,Q3,0.0,0.0,0.0,0.0,0.0,0.0,0.0,289880.0,289880.0,289880.0,173760.0,0.0,57640.0,0.0,-289880.0,0.0,0.0,-116120.0,0.0,0.0,-116120.0,0.0,-0.0617,-0.0617,1881940.0,1881940.0,https://www.sec.gov/Archives/edgar/data/1743858/000110465920003045/tm201266d1_10q.htm,https://www.sec.gov/Archives/edgar/data/1743858/000110465920003045/tm201266d1_10q.htm
0,2019-08-31,LOACU,2019-10-16,2019-10-16 17:01:57,Q2,0.0,0.0,0.0,0.0,0.0,0.0,0.0,570560.0,570560.0,570560.0,461370.0,0.0,352180.0,0.0,-570560.0,0.0,0.0,-109190.0,0.0,0.0,-109190.0,0.0,-0.05878,-0.05878,1857620.0,1857620.0,https://www.sec.gov/Archives/edgar/data/1743858/000110465919054411/tv530714_10q.htm,https://www.sec.gov/Archives/edgar/data/1743858/000110465919054411/tv530714_10q.htm
0,2019-05-31,LOACU,2019-07-15,2019-07-15 16:11:41,Q1,0.0,0.0,0.0,0.0,0.0,0.0,0.0,242720.0,242720.0,242720.0,252290.0,0.0,261860.0,0.0,-242720.0,0.0,0.0,9570.0,0.0,0.0,9570.0,0.0,0.00527,0.00527,1814390.0,1814390.0,https://www.sec.gov/Archives/edgar/data/1743858/000114420419034700/tv524444_10q.htm,https://www.sec.gov/Archives/edgar/data/1743858/000114420419034700/tv524444_10q.htm
0,2019-02-28,LOACU,2019-05-29,2019-05-29 17:04:37,Q4,0.0,0.0,0.0,0.0,0.0,0.0,0.0,216020.0,216020.0,216020.0,224260.0,0.0,232500.0,0.0,-216020.0,0.0,0.0,8240.0,0.0,0.0,8240.0,0.0,0.0043,0.0043,1915900.0,1915900.0,https://www.sec.gov/Archives/edgar/data/1743858/000114420419028660/tv522131_10k.htm,https://www.sec.gov/Archives/edgar/data/1743858/000114420419028660/tv522131_10k.htm
0,2018-11-30,LOACU,2019-01-11,2019-01-11 16:12:04,Q3,0.0,0.0,0.0,0.0,0.0,0.0,0.0,216670.0,216670.0,216670.0,201110.0,0.0,185550.0,0.0,-216670.0,0.0,0.0,-15560.0,0.0,0.0,-15560.0,0.0,-0.00883,-0.00883,1761300.0,1761300.0,https://www.sec.gov/Archives/edgar/data/1743858/000114420419001444/tv510520_10q.htm,https://www.sec.gov/Archives/edgar/data/1743858/000114420419001444/tv510520_10q.htm
0,2018-08-31,LOACU,,,Q2,0.0,-563610.0,0.0,0.0,0.0,-563610.0,0.0,0.0,-563610.0,-1127220.0,0.0,0.0,102238.0,0.0,563610.0,0.0,-461372.0,102238.0,0.0,0.0,102238.0,0.0,0.10224,0.10224,1809240.0,1000000.0,,processing...
