,date,symbol,fillingDate,acceptedDate,period,revenue,costOfRevenue,grossProfit,grossProfitRatio,researchAndDevelopmentExpenses,generalAndAdministrativeExpenses,sellingAndMarketingExpenses,otherExpenses,operatingExpenses,costAndExpenses,interestExpense,depreciationAndAmortization,ebitda,ebitdaratio,operatingIncome,operatingIncomeRatio,totalOtherIncomeExpensesNet,incomeBeforeTax,incomeBeforeTaxRatio,incomeTaxExpense,netIncome,netIncomeRatio,eps,epsdiluted,weightedAverageShsOut,weightedAverageShsOutDil,link,finalLink
0,2019-09-31,CCN.PA,,2019-09-31,Q3,86558500,0.0,0.0,0.0,0.0,17748750,0.0,0.0,3203500.0,0.0,35865500,3628000.0,0.0,0.0,0.0,0.0,0.0,28454000,3.042050326843326,6955250.0,21498500,4.0262576458822705,3.55153675,3.55153675,6053295.0,6053295.0,https://www.infogreffe.com/recherche-entreprise-dirigeants/resultats-entreprise-dirigeants.html?ga_cat=globale&ga_q=C.C.N#phrase=C.C.N,https://www.infogreffe.com/recherche-entreprise-dirigeants/resultats-entreprise-dirigeants.html?ga_cat=globale&ga_q=C.C.N#phrase=C.C.N
0,2019-06-31,CCN.PA,,2019-06-31,Q2,86558500,0.0,0.0,0.0,0.0,17748750,0.0,0.0,3203500.0,0.0,35865500,3628000.0,0.0,0.0,0.0,0.0,0.0,28454000,3.042050326843326,6955250.0,21498500,4.0262576458822705,3.55153675,3.55153675,6053295.0,6053295.0,https://www.infogreffe.com/recherche-entreprise-dirigeants/resultats-entreprise-dirigeants.html?ga_cat=globale&ga_q=C.C.N#phrase=C.C.N,https://www.infogreffe.com/recherche-entreprise-dirigeants/resultats-entreprise-dirigeants.html?ga_cat=globale&ga_q=C.C.N#phrase=C.C.N
0,2019-03-31,CCN.PA,,2019-03-31,Q1,86558500,0.0,0.0,0.0,0.0,17748750,0.0,0.0,3203500.0,0.0,35865500,3628000.0,0.0,0.0,0.0,0.0,0.0,28454000,3.042050326843326,6955250.0,21498500,4.0262576458822705,3.55153675,3.55153675,6053295.0,6053295.0,https://www.infogreffe.com/recherche-entreprise-dirigeants/resultats-entreprise-dirigeants.html?ga_cat=globale&ga_q=C.C.N#phrase=C.C.N,https://www.infogreffe.com/recherche-entreprise-dirigeants/resultats-entreprise-dirigeants.html?ga_cat=globale&ga_q=C.C.N#phrase=C.C.N
0,2019-01-31,CCN.PA,,2019-01-31,Q1,86558500,0.0,0.0,0.0,0.0,17748750,0.0,0.0,3203500.0,0.0,35865500,3628000.0,0.0,0.0,0.0,0.0,0.0,28454000,3.042050326843326,6955250.0,21498500,4.0262576458822705,3.55153675,3.55153675,6053295.0,6053295.0,https://www.infogreffe.com/recherche-entreprise-dirigeants/resultats-entreprise-dirigeants.html?ga_cat=globale&ga_q=C.C.N#phrase=C.C.N,https://www.infogreffe.com/recherche-entreprise-dirigeants/resultats-entreprise-dirigeants.html?ga_cat=globale&ga_q=C.C.N#phrase=C.C.N
0,2018-09-31,CCN.PA,,2018-09-31,Q3,86421500,0.0,0.0,0.0,0.0,16895500,0.0,0.0,3171750.0,0.0,32964250,3148500.0,0.0,0.0,0.0,0.0,0.0,29478750,2.9316541576559385,7372000.0,22108000,3.9090600687533925,3.65265125,3.65265125,6052590.0,6052590.0,https://www.infogreffe.com/recherche-entreprise-dirigeants/resultats-entreprise-dirigeants.html?ga_cat=globale&ga_q=C.C.N#phrase=C.C.N,https://www.infogreffe.com/recherche-entreprise-dirigeants/resultats-entreprise-dirigeants.html?ga_cat=globale&ga_q=C.C.N#phrase=C.C.N
0,2018-06-31,CCN.PA,,2018-06-31,Q2,86421500,0.0,0.0,0.0,0.0,16895500,0.0,0.0,3171750.0,0.0,32964250,3148500.0,0.0,0.0,0.0,0.0,0.0,29478750,2.9316541576559385,7372000.0,22108000,3.9090600687533925,3.65265125,3.65265125,6052590.0,6052590.0,https://www.infogreffe.com/recherche-entreprise-dirigeants/resultats-entreprise-dirigeants.html?ga_cat=globale&ga_q=C.C.N#phrase=C.C.N,https://www.infogreffe.com/recherche-entreprise-dirigeants/resultats-entreprise-dirigeants.html?ga_cat=globale&ga_q=C.C.N#phrase=C.C.N
0,2018-03-31,CCN.PA,,2018-03-31,Q1,86421500,0.0,0.0,0.0,0.0,16895500,0.0,0.0,3171750.0,0.0,32964250,3148500.0,0.0,0.0,0.0,0.0,0.0,29478750,2.9316541576559385,7372000.0,22108000,3.9090600687533925,3.65265125,3.65265125,6052590.0,6052590.0,https://www.infogreffe.com/recherche-entreprise-dirigeants/resultats-entreprise-dirigeants.html?ga_cat=globale&ga_q=C.C.N#phrase=C.C.N,https://www.infogreffe.com/recherche-entreprise-dirigeants/resultats-entreprise-dirigeants.html?ga_cat=globale&ga_q=C.C.N#phrase=C.C.N
0,2018-01-31,CCN.PA,,2018-01-31,Q1,86421500,0.0,0.0,0.0,0.0,16895500,0.0,0.0,3171750.0,0.0,32964250,3148500.0,0.0,0.0,0.0,0.0,0.0,29478750,2.9316541576559385,7372000.0,22108000,3.9090600687533925,3.65265125,3.65265125,6052590.0,6052590.0,https://www.infogreffe.com/recherche-entreprise-dirigeants/resultats-entreprise-dirigeants.html?ga_cat=globale&ga_q=C.C.N#phrase=C.C.N,https://www.infogreffe.com/recherche-entreprise-dirigeants/resultats-entreprise-dirigeants.html?ga_cat=globale&ga_q=C.C.N#phrase=C.C.N
0,2017-09-31,CCN.PA,,2017-09-31,Q3,90946500,0.0,0.0,0.0,0.0,52432500,0.0,0.0,-340750.0,0.0,34056750,2789250.0,0.0,0.0,0.0,0.0,0.0,33652500,2.7025183864497437,10480250,23170750,3.9250563749554934,3.82875975,3.82875975,6051764.0,6051764.0,https://www.infogreffe.com/recherche-entreprise-dirigeants/resultats-entreprise-dirigeants.html?ga_cat=globale&ga_q=C.C.N#phrase=C.C.N,https://www.infogreffe.com/recherche-entreprise-dirigeants/resultats-entreprise-dirigeants.html?ga_cat=globale&ga_q=C.C.N#phrase=C.C.N
0,2017-06-31,CCN.PA,,2017-06-31,Q2,90946500,0.0,0.0,0.0,0.0,52432500,0.0,0.0,-340750.0,0.0,34056750,2789250.0,0.0,0.0,0.0,0.0,0.0,33652500,2.7025183864497437,10480250,23170750,3.9250563749554934,3.82875975,3.82875975,6051764.0,6051764.0,https://www.infogreffe.com/recherche-entreprise-dirigeants/resultats-entreprise-dirigeants.html?ga_cat=globale&ga_q=C.C.N#phrase=C.C.N,https://www.infogreffe.com/recherche-entreprise-dirigeants/resultats-entreprise-dirigeants.html?ga_cat=globale&ga_q=C.C.N#phrase=C.C.N
0,2017-03-31,CCN.PA,,2017-03-31,Q1,90946500,0.0,0.0,0.0,0.0,52432500,0.0,0.0,-340750.0,0.0,34056750,2789250.0,0.0,0.0,0.0,0.0,0.0,33652500,2.7025183864497437,10480250,23170750,3.9250563749554934,3.82875975,3.82875975,6051764.0,6051764.0,https://www.infogreffe.com/recherche-entreprise-dirigeants/resultats-entreprise-dirigeants.html?ga_cat=globale&ga_q=C.C.N#phrase=C.C.N,https://www.infogreffe.com/recherche-entreprise-dirigeants/resultats-entreprise-dirigeants.html?ga_cat=globale&ga_q=C.C.N#phrase=C.C.N
0,2017-01-31,CCN.PA,,2017-01-31,Q1,90946500,0.0,0.0,0.0,0.0,52432500,0.0,0.0,-340750.0,0.0,34056750,2789250.0,0.0,0.0,0.0,0.0,0.0,33652500,2.7025183864497437,10480250,23170750,3.9250563749554934,3.82875975,3.82875975,6051764.0,6051764.0,https://www.infogreffe.com/recherche-entreprise-dirigeants/resultats-entreprise-dirigeants.html?ga_cat=globale&ga_q=C.C.N#phrase=C.C.N,https://www.infogreffe.com/recherche-entreprise-dirigeants/resultats-entreprise-dirigeants.html?ga_cat=globale&ga_q=C.C.N#phrase=C.C.N
0,2016-09-31,CCN.PA,,2016-09-31,Q3,92606500,0.0,0.0,0.0,0.0,16311500,0.0,0.0,1888750.0,0.0,37835500,2497750.0,0.0,0.0,0.0,0.0,0.0,37369500,2.4781305610190127,13537250,23831750,3.8858455631667836,3.938377,3.938377,6051160.0,6051160.0,https://www.infogreffe.com/recherche-entreprise-dirigeants/resultats-entreprise-dirigeants.html?ga_cat=globale&ga_q=C.C.N#phrase=C.C.N,https://www.infogreffe.com/recherche-entreprise-dirigeants/resultats-entreprise-dirigeants.html?ga_cat=globale&ga_q=C.C.N#phrase=C.C.N
0,2016-06-31,CCN.PA,,2016-06-31,Q2,92606500,0.0,0.0,0.0,0.0,16311500,0.0,0.0,1888750.0,0.0,37835500,2497750.0,0.0,0.0,0.0,0.0,0.0,37369500,2.4781305610190127,13537250,23831750,3.8858455631667836,3.938377,3.938377,6051160.0,6051160.0,https://www.infogreffe.com/recherche-entreprise-dirigeants/resultats-entreprise-dirigeants.html?ga_cat=globale&ga_q=C.C.N#phrase=C.C.N,https://www.infogreffe.com/recherche-entreprise-dirigeants/resultats-entreprise-dirigeants.html?ga_cat=globale&ga_q=C.C.N#phrase=C.C.N
0,2016-03-31,CCN.PA,,2016-03-31,Q1,92606500,0.0,0.0,0.0,0.0,16311500,0.0,0.0,1888750.0,0.0,37835500,2497750.0,0.0,0.0,0.0,0.0,0.0,37369500,2.4781305610190127,13537250,23831750,3.8858455631667836,3.938377,3.938377,6051160.0,6051160.0,https://www.infogreffe.com/recherche-entreprise-dirigeants/resultats-entreprise-dirigeants.html?ga_cat=globale&ga_q=C.C.N#phrase=C.C.N,https://www.infogreffe.com/recherche-entreprise-dirigeants/resultats-entreprise-dirigeants.html?ga_cat=globale&ga_q=C.C.N#phrase=C.C.N
0,2016-01-31,CCN.PA,,2016-01-31,Q1,92606500,0.0,0.0,0.0,0.0,16311500,0.0,0.0,1888750.0,0.0,37835500,2497750.0,0.0,0.0,0.0,0.0,0.0,37369500,2.4781305610190127,13537250,23831750,3.8858455631667836,3.938377,3.938377,6051160.0,6051160.0,https://www.infogreffe.com/recherche-entreprise-dirigeants/resultats-entreprise-dirigeants.html?ga_cat=globale&ga_q=C.C.N#phrase=C.C.N,https://www.infogreffe.com/recherche-entreprise-dirigeants/resultats-entreprise-dirigeants.html?ga_cat=globale&ga_q=C.C.N#phrase=C.C.N
0,2015-09-31,CCN.PA,,2015-09-31,Q3,100598750,0.0,0.0,0.0,0.0,15136250,0.0,0.0,1629000.0,0.0,43388500,2528500.0,0.0,0.0,0.0,0.0,0.0,45575000,2.2073230938014263,15581250,29990750,3.3543259171577904,4.95509225,4.95509225,6052511.0,6052511.0,https://www.infogreffe.com/recherche-entreprise-dirigeants/resultats-entreprise-dirigeants.html?ga_cat=globale&ga_q=C.C.N#phrase=C.C.N,https://www.infogreffe.com/recherche-entreprise-dirigeants/resultats-entreprise-dirigeants.html?ga_cat=globale&ga_q=C.C.N#phrase=C.C.N
0,2015-06-31,CCN.PA,,2015-06-31,Q2,100598750,0.0,0.0,0.0,0.0,15136250,0.0,0.0,1629000.0,0.0,43388500,2528500.0,0.0,0.0,0.0,0.0,0.0,45575000,2.2073230938014263,15581250,29990750,3.3543259171577904,4.95509225,4.95509225,6052511.0,6052511.0,https://www.infogreffe.com/recherche-entreprise-dirigeants/resultats-entreprise-dirigeants.html?ga_cat=globale&ga_q=C.C.N#phrase=C.C.N,https://www.infogreffe.com/recherche-entreprise-dirigeants/resultats-entreprise-dirigeants.html?ga_cat=globale&ga_q=C.C.N#phrase=C.C.N
0,2015-03-31,CCN.PA,,2015-03-31,Q1,100598750,0.0,0.0,0.0,0.0,15136250,0.0,0.0,1629000.0,0.0,43388500,2528500.0,0.0,0.0,0.0,0.0,0.0,45575000,2.2073230938014263,15581250,29990750,3.3543259171577904,4.95509225,4.95509225,6052511.0,6052511.0,https://www.infogreffe.com/recherche-entreprise-dirigeants/resultats-entreprise-dirigeants.html?ga_cat=globale&ga_q=C.C.N#phrase=C.C.N,https://www.infogreffe.com/recherche-entreprise-dirigeants/resultats-entreprise-dirigeants.html?ga_cat=globale&ga_q=C.C.N#phrase=C.C.N
0,2015-01-31,CCN.PA,,2015-01-31,Q1,100598750,0.0,0.0,0.0,0.0,15136250,0.0,0.0,1629000.0,0.0,43388500,2528500.0,0.0,0.0,0.0,0.0,0.0,45575000,2.2073230938014263,15581250,29990750,3.3543259171577904,4.95509225,4.95509225,6052511.0,6052511.0,https://www.infogreffe.com/recherche-entreprise-dirigeants/resultats-entreprise-dirigeants.html?ga_cat=globale&ga_q=C.C.N#phrase=C.C.N,https://www.infogreffe.com/recherche-entreprise-dirigeants/resultats-entreprise-dirigeants.html?ga_cat=globale&ga_q=C.C.N#phrase=C.C.N
0,2014-09-31,CCN.PA,,2014-09-31,Q3,101793750,0.0,0.0,0.0,0.0,14264750,0.0,0.0,1792750.0,0.0,47159750,2484000.0,0.0,0.0,0.0,0.0,0.0,42653750,2.3865134952964278,14976500,27675750,3.6780846047532587,4.57245,4.57245,6052718.0,6052718.0,https://www.infogreffe.com/recherche-entreprise-dirigeants/resultats-entreprise-dirigeants.html?ga_cat=globale&ga_q=C.C.N#phrase=C.C.N,https://www.infogreffe.com/recherche-entreprise-dirigeants/resultats-entreprise-dirigeants.html?ga_cat=globale&ga_q=C.C.N#phrase=C.C.N
0,2014-06-31,CCN.PA,,2014-06-31,Q2,101793750,0.0,0.0,0.0,0.0,14264750,0.0,0.0,1792750.0,0.0,47159750,2484000.0,0.0,0.0,0.0,0.0,0.0,42653750,2.3865134952964278,14976500,27675750,3.6780846047532587,4.57245,4.57245,6052718.0,6052718.0,https://www.infogreffe.com/recherche-entreprise-dirigeants/resultats-entreprise-dirigeants.html?ga_cat=globale&ga_q=C.C.N#phrase=C.C.N,https://www.infogreffe.com/recherche-entreprise-dirigeants/resultats-entreprise-dirigeants.html?ga_cat=globale&ga_q=C.C.N#phrase=C.C.N
0,2014-03-31,CCN.PA,,2014-03-31,Q1,101793750,0.0,0.0,0.0,0.0,14264750,0.0,0.0,1792750.0,0.0,47159750,2484000.0,0.0,0.0,0.0,0.0,0.0,42653750,2.3865134952964278,14976500,27675750,3.6780846047532587,4.57245,4.57245,6052718.0,6052718.0,https://www.infogreffe.com/recherche-entreprise-dirigeants/resultats-entreprise-dirigeants.html?ga_cat=globale&ga_q=C.C.N#phrase=C.C.N,https://www.infogreffe.com/recherche-entreprise-dirigeants/resultats-entreprise-dirigeants.html?ga_cat=globale&ga_q=C.C.N#phrase=C.C.N
0,2014-01-31,CCN.PA,,2014-01-31,Q1,101793750,0.0,0.0,0.0,0.0,14264750,0.0,0.0,1792750.0,0.0,47159750,2484000.0,0.0,0.0,0.0,0.0,0.0,42653750,2.3865134952964278,14976500,27675750,3.6780846047532587,4.57245,4.57245,6052718.0,6052718.0,https://www.infogreffe.com/recherche-entreprise-dirigeants/resultats-entreprise-dirigeants.html?ga_cat=globale&ga_q=C.C.N#phrase=C.C.N,https://www.infogreffe.com/recherche-entreprise-dirigeants/resultats-entreprise-dirigeants.html?ga_cat=globale&ga_q=C.C.N#phrase=C.C.N
0,2013-09-31,CCN.PA,,2013-09-31,Q3,101129500,0.0,0.0,0.0,0.0,15020250,0.0,0.0,1893500.0,0.0,50351000,2341250.0,0.0,0.0,0.0,0.0,0.0,46216250,2.188180564195494,16892000,29323250,3.4487821097593208,4.8449435,4.8449435,6052341.0,6052341.0,https://www.infogreffe.com/recherche-entreprise-dirigeants/resultats-entreprise-dirigeants.html?ga_cat=globale&ga_q=C.C.N#phrase=C.C.N,https://www.infogreffe.com/recherche-entreprise-dirigeants/resultats-entreprise-dirigeants.html?ga_cat=globale&ga_q=C.C.N#phrase=C.C.N
0,2013-06-31,CCN.PA,,2013-06-31,Q2,101129500,0.0,0.0,0.0,0.0,15020250,0.0,0.0,1893500.0,0.0,50351000,2341250.0,0.0,0.0,0.0,0.0,0.0,46216250,2.188180564195494,16892000,29323250,3.4487821097593208,4.8449435,4.8449435,6052341.0,6052341.0,https://www.infogreffe.com/recherche-entreprise-dirigeants/resultats-entreprise-dirigeants.html?ga_cat=globale&ga_q=C.C.N#phrase=C.C.N,https://www.infogreffe.com/recherche-entreprise-dirigeants/resultats-entreprise-dirigeants.html?ga_cat=globale&ga_q=C.C.N#phrase=C.C.N
0,2013-03-31,CCN.PA,,2013-03-31,Q1,101129500,0.0,0.0,0.0,0.0,15020250,0.0,0.0,1893500.0,0.0,50351000,2341250.0,0.0,0.0,0.0,0.0,0.0,46216250,2.188180564195494,16892000,29323250,3.4487821097593208,4.8449435,4.8449435,6052341.0,6052341.0,https://www.infogreffe.com/recherche-entreprise-dirigeants/resultats-entreprise-dirigeants.html?ga_cat=globale&ga_q=C.C.N#phrase=C.C.N,https://www.infogreffe.com/recherche-entreprise-dirigeants/resultats-entreprise-dirigeants.html?ga_cat=globale&ga_q=C.C.N#phrase=C.C.N
0,2013-01-31,CCN.PA,,2013-01-31,Q1,101129500,0.0,0.0,0.0,0.0,15020250,0.0,0.0,1893500.0,0.0,50351000,2341250.0,0.0,0.0,0.0,0.0,0.0,46216250,2.188180564195494,16892000,29323250,3.4487821097593208,4.8449435,4.8449435,6052341.0,6052341.0,https://www.infogreffe.com/recherche-entreprise-dirigeants/resultats-entreprise-dirigeants.html?ga_cat=globale&ga_q=C.C.N#phrase=C.C.N,https://www.infogreffe.com/recherche-entreprise-dirigeants/resultats-entreprise-dirigeants.html?ga_cat=globale&ga_q=C.C.N#phrase=C.C.N
0,2012-09-31,CCN.PA,,2012-09-31,Q3,88047000,0.0,0.0,0.0,0.0,14959750,0.0,0.0,1445750.0,0.0,58513750,2113750.0,0.0,0.0,0.0,0.0,0.0,38549500,2.2839984954409265,14514500,24034000,3.663435133560789,3.971244,3.971244,6052008.0,6052008.0,https://www.infogreffe.com/recherche-entreprise-dirigeants/resultats-entreprise-dirigeants.html?ga_cat=globale&ga_q=C.C.N#phrase=C.C.N,https://www.infogreffe.com/recherche-entreprise-dirigeants/resultats-entreprise-dirigeants.html?ga_cat=globale&ga_q=C.C.N#phrase=C.C.N
0,2012-06-31,CCN.PA,,2012-06-31,Q2,88047000,0.0,0.0,0.0,0.0,14959750,0.0,0.0,1445750.0,0.0,58513750,2113750.0,0.0,0.0,0.0,0.0,0.0,38549500,2.2839984954409265,14514500,24034000,3.663435133560789,3.971244,3.971244,6052008.0,6052008.0,https://www.infogreffe.com/recherche-entreprise-dirigeants/resultats-entreprise-dirigeants.html?ga_cat=globale&ga_q=C.C.N#phrase=C.C.N,https://www.infogreffe.com/recherche-entreprise-dirigeants/resultats-entreprise-dirigeants.html?ga_cat=globale&ga_q=C.C.N#phrase=C.C.N
0,2012-03-31,CCN.PA,,2012-03-31,Q1,88047000,0.0,0.0,0.0,0.0,14959750,0.0,0.0,1445750.0,0.0,58513750,2113750.0,0.0,0.0,0.0,0.0,0.0,38549500,2.2839984954409265,14514500,24034000,3.663435133560789,3.971244,3.971244,6052008.0,6052008.0,https://www.infogreffe.com/recherche-entreprise-dirigeants/resultats-entreprise-dirigeants.html?ga_cat=globale&ga_q=C.C.N#phrase=C.C.N,https://www.infogreffe.com/recherche-entreprise-dirigeants/resultats-entreprise-dirigeants.html?ga_cat=globale&ga_q=C.C.N#phrase=C.C.N
0,2012-01-31,CCN.PA,,2012-01-31,Q1,88047000,0.0,0.0,0.0,0.0,14959750,0.0,0.0,1445750.0,0.0,58513750,2113750.0,0.0,0.0,0.0,0.0,0.0,38549500,2.2839984954409265,14514500,24034000,3.663435133560789,3.971244,3.971244,6052008.0,6052008.0,https://www.infogreffe.com/recherche-entreprise-dirigeants/resultats-entreprise-dirigeants.html?ga_cat=globale&ga_q=C.C.N#phrase=C.C.N,https://www.infogreffe.com/recherche-entreprise-dirigeants/resultats-entreprise-dirigeants.html?ga_cat=globale&ga_q=C.C.N#phrase=C.C.N
0,2011-09-31,CCN.PA,,2011-09-31,Q3,95041500,0.0,0.0,0.0,0.0,45850250,0.0,8750.0,7820750.0,0.0,0.0,2348250.0,0.0,0.0,0.0,0.0,0.0,39031000,2.435026004970408,12188750,26842250,3.540742672465982,4.4324745,4.4324745,6053295.0,6053295.0,https://www.infogreffe.com/recherche-entreprise-dirigeants/resultats-entreprise-dirigeants.html?ga_cat=globale&ga_q=C.C.N#phrase=C.C.N,https://www.infogreffe.com/recherche-entreprise-dirigeants/resultats-entreprise-dirigeants.html?ga_cat=globale&ga_q=C.C.N#phrase=C.C.N
0,2011-06-31,CCN.PA,,2011-06-31,Q2,95041500,0.0,0.0,0.0,0.0,45850250,0.0,8750.0,7820750.0,0.0,0.0,2348250.0,0.0,0.0,0.0,0.0,0.0,39031000,2.435026004970408,12188750,26842250,3.540742672465982,4.4324745,4.4324745,6053295.0,6053295.0,https://www.infogreffe.com/recherche-entreprise-dirigeants/resultats-entreprise-dirigeants.html?ga_cat=globale&ga_q=C.C.N#phrase=C.C.N,https://www.infogreffe.com/recherche-entreprise-dirigeants/resultats-entreprise-dirigeants.html?ga_cat=globale&ga_q=C.C.N#phrase=C.C.N
0,2011-03-31,CCN.PA,,2011-03-31,Q1,95041500,0.0,0.0,0.0,0.0,45850250,0.0,8750.0,7820750.0,0.0,0.0,2348250.0,0.0,0.0,0.0,0.0,0.0,39031000,2.435026004970408,12188750,26842250,3.540742672465982,4.4324745,4.4324745,6053295.0,6053295.0,https://www.infogreffe.com/recherche-entreprise-dirigeants/resultats-entreprise-dirigeants.html?ga_cat=globale&ga_q=C.C.N#phrase=C.C.N,https://www.infogreffe.com/recherche-entreprise-dirigeants/resultats-entreprise-dirigeants.html?ga_cat=globale&ga_q=C.C.N#phrase=C.C.N
0,2011-01-31,CCN.PA,,2011-01-31,Q1,95041500,0.0,0.0,0.0,0.0,45850250,0.0,8750.0,7820750.0,0.0,0.0,2348250.0,0.0,0.0,0.0,0.0,0.0,39031000,2.435026004970408,12188750,26842250,3.540742672465982,4.4324745,4.4324745,6053295.0,6053295.0,https://www.infogreffe.com/recherche-entreprise-dirigeants/resultats-entreprise-dirigeants.html?ga_cat=globale&ga_q=C.C.N#phrase=C.C.N,https://www.infogreffe.com/recherche-entreprise-dirigeants/resultats-entreprise-dirigeants.html?ga_cat=globale&ga_q=C.C.N#phrase=C.C.N
0,2010-09-31,CCN.PA,,2010-09-31,Q3,92085750,0.0,0.0,0.0,0.0,44576750,0.0,0.0,1222500.0,0.0,52543500,2110500.0,0.0,0.0,0.0,0.0,0.0,36988250,2.4895946685771833,11551000,25437500,3.6200786240786242,4.2005075,4.2005075,6055816.0,6055816.0,https://www.infogreffe.com/recherche-entreprise-dirigeants/resultats-entreprise-dirigeants.html?ga_cat=globale&ga_q=C.C.N#phrase=C.C.N,https://www.infogreffe.com/recherche-entreprise-dirigeants/resultats-entreprise-dirigeants.html?ga_cat=globale&ga_q=C.C.N#phrase=C.C.N
0,2010-06-31,CCN.PA,,2010-06-31,Q2,92085750,0.0,0.0,0.0,0.0,44576750,0.0,0.0,1222500.0,0.0,52543500,2110500.0,0.0,0.0,0.0,0.0,0.0,36988250,2.4895946685771833,11551000,25437500,3.6200786240786242,4.2005075,4.2005075,6055816.0,6055816.0,https://www.infogreffe.com/recherche-entreprise-dirigeants/resultats-entreprise-dirigeants.html?ga_cat=globale&ga_q=C.C.N#phrase=C.C.N,https://www.infogreffe.com/recherche-entreprise-dirigeants/resultats-entreprise-dirigeants.html?ga_cat=globale&ga_q=C.C.N#phrase=C.C.N
0,2010-03-31,CCN.PA,,2010-03-31,Q1,92085750,0.0,0.0,0.0,0.0,44576750,0.0,0.0,1222500.0,0.0,52543500,2110500.0,0.0,0.0,0.0,0.0,0.0,36988250,2.4895946685771833,11551000,25437500,3.6200786240786242,4.2005075,4.2005075,6055816.0,6055816.0,https://www.infogreffe.com/recherche-entreprise-dirigeants/resultats-entreprise-dirigeants.html?ga_cat=globale&ga_q=C.C.N#phrase=C.C.N,https://www.infogreffe.com/recherche-entreprise-dirigeants/resultats-entreprise-dirigeants.html?ga_cat=globale&ga_q=C.C.N#phrase=C.C.N
0,2010-01-31,CCN.PA,,2010-01-31,Q1,92085750,0.0,0.0,0.0,0.0,44576750,0.0,0.0,1222500.0,0.0,52543500,2110500.0,0.0,0.0,0.0,0.0,0.0,36988250,2.4895946685771833,11551000,25437500,3.6200786240786242,4.2005075,4.2005075,6055816.0,6055816.0,https://www.infogreffe.com/recherche-entreprise-dirigeants/resultats-entreprise-dirigeants.html?ga_cat=globale&ga_q=C.C.N#phrase=C.C.N,https://www.infogreffe.com/recherche-entreprise-dirigeants/resultats-entreprise-dirigeants.html?ga_cat=globale&ga_q=C.C.N#phrase=C.C.N
0,2009-09-31,CCN.PA,,2009-09-31,Q3,84353000,0.0,0.0,0.0,0.0,43443000,0.0,0.0,496500.0,0.0,61198750,2028000.0,0.0,0.0,0.0,0.0,0.0,32524000,2.593561677530439,10022000,22502000,3.74868900542174,3.71576675,3.71576675,6055816.0,6055816.0,https://www.infogreffe.com/recherche-entreprise-dirigeants/resultats-entreprise-dirigeants.html?ga_cat=globale&ga_q=C.C.N#phrase=C.C.N,https://www.infogreffe.com/recherche-entreprise-dirigeants/resultats-entreprise-dirigeants.html?ga_cat=globale&ga_q=C.C.N#phrase=C.C.N
0,2009-06-31,CCN.PA,,2009-06-31,Q2,84353000,0.0,0.0,0.0,0.0,43443000,0.0,0.0,496500.0,0.0,61198750,2028000.0,0.0,0.0,0.0,0.0,0.0,32524000,2.593561677530439,10022000,22502000,3.74868900542174,3.71576675,3.71576675,6055816.0,6055816.0,https://www.infogreffe.com/recherche-entreprise-dirigeants/resultats-entreprise-dirigeants.html?ga_cat=globale&ga_q=C.C.N#phrase=C.C.N,https://www.infogreffe.com/recherche-entreprise-dirigeants/resultats-entreprise-dirigeants.html?ga_cat=globale&ga_q=C.C.N#phrase=C.C.N
0,2009-03-31,CCN.PA,,2009-03-31,Q1,84353000,0.0,0.0,0.0,0.0,43443000,0.0,0.0,496500.0,0.0,61198750,2028000.0,0.0,0.0,0.0,0.0,0.0,32524000,2.593561677530439,10022000,22502000,3.74868900542174,3.71576675,3.71576675,6055816.0,6055816.0,https://www.infogreffe.com/recherche-entreprise-dirigeants/resultats-entreprise-dirigeants.html?ga_cat=globale&ga_q=C.C.N#phrase=C.C.N,https://www.infogreffe.com/recherche-entreprise-dirigeants/resultats-entreprise-dirigeants.html?ga_cat=globale&ga_q=C.C.N#phrase=C.C.N
0,2009-01-31,CCN.PA,,2009-01-31,Q1,84353000,0.0,0.0,0.0,0.0,43443000,0.0,0.0,496500.0,0.0,61198750,2028000.0,0.0,0.0,0.0,0.0,0.0,32524000,2.593561677530439,10022000,22502000,3.74868900542174,3.71576675,3.71576675,6055816.0,6055816.0,https://www.infogreffe.com/recherche-entreprise-dirigeants/resultats-entreprise-dirigeants.html?ga_cat=globale&ga_q=C.C.N#phrase=C.C.N,https://www.infogreffe.com/recherche-entreprise-dirigeants/resultats-entreprise-dirigeants.html?ga_cat=globale&ga_q=C.C.N#phrase=C.C.N
0,2008-09-31,CCN.PA,,2008-09-31,Q3,82280500,0.0,0.0,0.0,0.0,42084500,0.0,0.0,448000.0,0.0,67824000,1990750.0,0.0,0.0,0.0,0.0,0.0,33071500,2.4879579093781654,8591000.0,24480500,3.361062886787443,4.0424775,4.0424775,6055816.0,6055816.0,https://www.infogreffe.com/recherche-entreprise-dirigeants/resultats-entreprise-dirigeants.html?ga_cat=globale&ga_q=C.C.N#phrase=C.C.N,https://www.infogreffe.com/recherche-entreprise-dirigeants/resultats-entreprise-dirigeants.html?ga_cat=globale&ga_q=C.C.N#phrase=C.C.N
0,2008-06-31,CCN.PA,,2008-06-31,Q2,82280500,0.0,0.0,0.0,0.0,42084500,0.0,0.0,448000.0,0.0,67824000,1990750.0,0.0,0.0,0.0,0.0,0.0,33071500,2.4879579093781654,8591000.0,24480500,3.361062886787443,4.0424775,4.0424775,6055816.0,6055816.0,https://www.infogreffe.com/recherche-entreprise-dirigeants/resultats-entreprise-dirigeants.html?ga_cat=globale&ga_q=C.C.N#phrase=C.C.N,https://www.infogreffe.com/recherche-entreprise-dirigeants/resultats-entreprise-dirigeants.html?ga_cat=globale&ga_q=C.C.N#phrase=C.C.N
0,2008-03-31,CCN.PA,,2008-03-31,Q1,82280500,0.0,0.0,0.0,0.0,42084500,0.0,0.0,448000.0,0.0,67824000,1990750.0,0.0,0.0,0.0,0.0,0.0,33071500,2.4879579093781654,8591000.0,24480500,3.361062886787443,4.0424775,4.0424775,6055816.0,6055816.0,https://www.infogreffe.com/recherche-entreprise-dirigeants/resultats-entreprise-dirigeants.html?ga_cat=globale&ga_q=C.C.N#phrase=C.C.N,https://www.infogreffe.com/recherche-entreprise-dirigeants/resultats-entreprise-dirigeants.html?ga_cat=globale&ga_q=C.C.N#phrase=C.C.N
0,2008-01-31,CCN.PA,,2008-01-31,Q1,82280500,0.0,0.0,0.0,0.0,42084500,0.0,0.0,448000.0,0.0,67824000,1990750.0,0.0,0.0,0.0,0.0,0.0,33071500,2.4879579093781654,8591000.0,24480500,3.361062886787443,4.0424775,4.0424775,6055816.0,6055816.0,https://www.infogreffe.com/recherche-entreprise-dirigeants/resultats-entreprise-dirigeants.html?ga_cat=globale&ga_q=C.C.N#phrase=C.C.N,https://www.infogreffe.com/recherche-entreprise-dirigeants/resultats-entreprise-dirigeants.html?ga_cat=globale&ga_q=C.C.N#phrase=C.C.N
0,2007-09-31,CCN.PA,,2007-09-31,Q3,79886250,0.0,0.0,0.0,0.0,42046000,0.0,0.0,260000.0,0.0,54459250,2140250.0,0.0,0.0,0.0,0.0,0.0,34652000,2.305386413482627,10158000,24494000,3.261461990691598,4.046391262940267,4.046391262940267,6053295.0,6053295.0,https://www.infogreffe.com/recherche-entreprise-dirigeants/resultats-entreprise-dirigeants.html?ga_cat=globale&ga_q=C.C.N#phrase=C.C.N,https://www.infogreffe.com/recherche-entreprise-dirigeants/resultats-entreprise-dirigeants.html?ga_cat=globale&ga_q=C.C.N#phrase=C.C.N
0,2007-06-31,CCN.PA,,2007-06-31,Q2,79886250,0.0,0.0,0.0,0.0,42046000,0.0,0.0,260000.0,0.0,54459250,2140250.0,0.0,0.0,0.0,0.0,0.0,34652000,2.305386413482627,10158000,24494000,3.261461990691598,4.046391262940267,4.046391262940267,6053295.0,6053295.0,https://www.infogreffe.com/recherche-entreprise-dirigeants/resultats-entreprise-dirigeants.html?ga_cat=globale&ga_q=C.C.N#phrase=C.C.N,https://www.infogreffe.com/recherche-entreprise-dirigeants/resultats-entreprise-dirigeants.html?ga_cat=globale&ga_q=C.C.N#phrase=C.C.N
0,2007-03-31,CCN.PA,,2007-03-31,Q1,79886250,0.0,0.0,0.0,0.0,42046000,0.0,0.0,260000.0,0.0,54459250,2140250.0,0.0,0.0,0.0,0.0,0.0,34652000,2.305386413482627,10158000,24494000,3.261461990691598,4.046391262940267,4.046391262940267,6053295.0,6053295.0,https://www.infogreffe.com/recherche-entreprise-dirigeants/resultats-entreprise-dirigeants.html?ga_cat=globale&ga_q=C.C.N#phrase=C.C.N,https://www.infogreffe.com/recherche-entreprise-dirigeants/resultats-entreprise-dirigeants.html?ga_cat=globale&ga_q=C.C.N#phrase=C.C.N
0,2007-01-31,CCN.PA,,2007-01-31,Q1,79886250,0.0,0.0,0.0,0.0,42046000,0.0,0.0,260000.0,0.0,54459250,2140250.0,0.0,0.0,0.0,0.0,0.0,34652000,2.305386413482627,10158000,24494000,3.261461990691598,4.046391262940267,4.046391262940267,6053295.0,6053295.0,https://www.infogreffe.com/recherche-entreprise-dirigeants/resultats-entreprise-dirigeants.html?ga_cat=globale&ga_q=C.C.N#phrase=C.C.N,https://www.infogreffe.com/recherche-entreprise-dirigeants/resultats-entreprise-dirigeants.html?ga_cat=globale&ga_q=C.C.N#phrase=C.C.N
