,date,symbol,fillingDate,acceptedDate,period,revenue,costOfRevenue,grossProfit,grossProfitRatio,researchAndDevelopmentExpenses,generalAndAdministrativeExpenses,sellingAndMarketingExpenses,otherExpenses,operatingExpenses,costAndExpenses,interestExpense,depreciationAndAmortization,ebitda,ebitdaratio,operatingIncome,operatingIncomeRatio,totalOtherIncomeExpensesNet,incomeBeforeTax,incomeBeforeTaxRatio,incomeTaxExpense,netIncome,netIncomeRatio,eps,epsdiluted,weightedAverageShsOut,weightedAverageShsOutDil,link,finalLink
0,2020-06-30,RGT,,,Q1,877170.0,777290.0,99880.0,0.113866,0.0,48340.0,0.0,51280.0,99619.99999999993,876909.9999999999,-9829190.0,0.0,-19658120,-22.410844,260.0,0.000296,0.0,-9828930.0,-11.205274,0.0,-9828930.0,-11.205274,-0.93578,-0.93578,10503470,10503470,,
0,2019-12-31,RGT,,,Q4,950540.0,857960.0,92580.0,0.097397,0.0,52820.0,0.0,64510.0,117330.00000000004,975290.0,13003070,0.0,25981390,27.333295,-24750.0,-0.026038,0.0,12978320,13.653628,0.0,12978320,13.653628,1.23562,1.23562,10503470,10503470,,
0,2019-06-30,RGT,,,Q3,1535290.0,837210.0,698080.0,0.454689,0.0,45630.0,0.0,43220.0,88849.99999999999,926060.0,20351160,0.0,41311550,26.907978,609230.0,0.396818,0.0,20960390,13.652398,0.0,20960390,13.652398,1.99965,1.99965,10482030,10482030,,
0,2018-12-31,RGT,,,Q2,1099800.0,1035540.0,64260.0,0.058429,0.0,44370.0,0.0,45360.0,89730.00000000009,1125270.0,-19862080,0.0,-39749620,-36.14259,-25470.0,-0.023159,0.0,-19887540,-18.08287,0.0,-19887540,-18.08287,-1.89363,-1.89363,10502340,10502340,,
0,2018-06-30,RGT,,,Q1,0.0,0.0,0.0,0.0,0.0,0.0,0.0,0.0,0.0,0.0,0.0,0.0,0.0,0.0,0.0,0.0,0.0,0.0,0.0,0.0,0.0,0.0,0.0,0.0,0.0,0.0,,
0,2017-12-31,RGT,,,Q4,1034430.0,975420.0,59010.0,0.057046,0.0,30790.0,0.0,31730.0,62520.00000000013,1037940.0000000001,14869750,0.0,29735990,28.746256,-3510.0,-0.003393,0.0,14866240,14.371432,0.0,14866240,14.371432,1.41475,1.41475,10508000,10508000,,
0,2017-06-30,RGT,,,Q3,1150000.0,830000.0,320000.0,0.278261,0.0,30000.0,0.0,50000.0,70000.00000000006,900000.0000000001,15840000,0.0,31930000,27.765217,240000.0,0.208696,0.0,16090000,13.991304,0.0,16090000,13.991304,1.54415,1.54415,10420000,10420000,,
0,2016-12-31,RGT,,,Q2,900000.0,770000.0,140000.0,0.155556,0.0,30000.0,0.0,50000.0,79999.99999999996,850000.0,6350000.0,0.0,12760000,14.177778,60000.0,0.066667,0.0,6410000.0,7.122222,0.0,6410000.0,7.122222,0.61106,0.61106,10490000,10490000,,
0,2016-06-30,RGT,,,Q1,1360000.0,690000.0,670000.0,0.492647,0.0,20000.0,0.0,60000.0,80000.00000000007,770000.0000000001,2940000.0,0.0,6470000.0,4.757353,590000.0,0.433824,0.0,3530000.0,2.595588,0.0,3530000.0,2.595588,0.34139,0.34139,10340000,10340000,,
