,date,symbol,fillingDate,acceptedDate,period,revenue,costOfRevenue,grossProfit,grossProfitRatio,researchAndDevelopmentExpenses,generalAndAdministrativeExpenses,sellingAndMarketingExpenses,otherExpenses,operatingExpenses,costAndExpenses,interestExpense,depreciationAndAmortization,ebitda,ebitdaratio,operatingIncome,operatingIncomeRatio,totalOtherIncomeExpensesNet,incomeBeforeTax,incomeBeforeTaxRatio,incomeTaxExpense,netIncome,netIncomeRatio,eps,epsdiluted,weightedAverageShsOut,weightedAverageShsOutDil,link,finalLink
0,2020-09-30,ICBK,2020-11-06,2020-11-06 12:19:57,Q3,13106000,0.0,13106000,1.0,0.0,0.0,0.0,0.0,0.0,0.0,-4452000.0,331000.0,4911000.0,0.3747138715092324,4580000.0,0.3494582633908134,0.0,4580000.0,0.3494582633908134,1164000.0,3416000.0,0.26064397985655424,0.522851007360628,0.522851007360628,6533410.0,6533410.0,https://www.sec.gov/Archives/edgar/data/1470205/000156459020051796/0001564590-20-051796-index.htm,https://www.sec.gov/Archives/edgar/data/1470205/000156459020051796/icbk-10q_20200930.htm
0,2020-06-30,ICBK,2020-08-07,2020-08-10 12:30:34,Q2,12266000,0.0,12266000,1.0,0.0,8607000.0,0.0,0.0,13407000,4594000.0,4800000.0,377000.00000000006,8836000.0,1.73099681384,3659000.0,1.66590805644,0.0,3659000.0,1.66590805644,926000.0,2733000.0,1.24442421484,0.41831,0.41831,6533410.0,6533410.0,https://www.sec.gov/Archives/edgar/data/1470205/000156459020038762/0001564590-20-038762-index.htm,https://www.sec.gov/Archives/edgar/data/1470205/000156459020038762/icbk-10q_20200630.htm
0,2020-03-31,ICBK,2020-05-08,2020-05-08 13:23:35,Q1,11501000,5297000.0,6204000.0,0.5394313537953221,0.0,17236000,0.0,0.0,22533000,5260000.0,5297000.0,398999.99999999994,-39000.00000000003,-2.57971698113,-5735000.0,-2.70518867925,0.0,-5735000.0,-2.70518867925,-547000.0,-5188000.0,-2.44716981132,-0.77429,-0.77429,6700330.0,6700330.0,https://www.sec.gov/Archives/edgar/data/1470205/000156459020023407/0001564590-20-023407-index.htm,https://www.sec.gov/Archives/edgar/data/1470205/000156459020010841/icbk-10k_20191231.htm
0,2019-12-31,ICBK,2020-03-13,2020-03-13 16:25:52,Q4,13260000,5701000.0,7559000.0,0.5700603318250377,0.0,10214000,0.0,0.0,15915000,5696000.0,5701000.0,417000.00000000006,9164000.0,1.16723666211,3046000.0,1.04172366621,0.0,3046000.0,1.04172366621,-258000.0,3304000.0,1.12995896033,0.48661,0.48661,6789840.0,6789840.0,https://www.sec.gov/Archives/edgar/data/1470205/000156459020010841/0001564590-20-010841-index.htm,https://www.sec.gov/Archives/edgar/data/1470205/000156459020010841/icbk-10k_20191231.htm
0,2019-09-30,ICBK,2019-11-07,2019-11-07 12:22:14,Q3,14286000,6507000.0,7779000.0,0.5445191096178077,0.0,6514000.0,0.0,0.0,13021000,4735000.0,6507000.0,415999.9999999999,14695000,3.11819777648,7772000.0,3.0883557636,0.0,7772000.0,2.27384435342,2090000.0,5682000.0,1.66237565828,0.83853,0.83853,6776150.0,6776150.0,https://www.sec.gov/Archives/edgar/data/1470205/000156459019041490/0001564590-19-041490-index.htm,https://www.sec.gov/Archives/edgar/data/1470205/000156459019041490/icbk-10q_20190930.htm
0,2019-06-30,ICBK,2019-08-08,2019-08-08 12:37:24,Q2,13319000,6776000.0,6543000.0,0.4912530970793603,0.0,8322000.0,0.0,0.0,15098000,4199000.0,6776000.0,421000.00000000006,12194000,2.18124672603,4997000.0,1.94028287061,0.0,4997000.0,2.61760083814,1293000.0,3704000.0,1.94028287061,0.54741,0.54741,6766370.0,6766370.0,https://www.sec.gov/Archives/edgar/data/1470205/000156459019030557/0001564590-19-030557-index.htm,https://www.sec.gov/Archives/edgar/data/1470205/000156459019030557/icbk-10q_20190630.htm
0,2019-03-31,ICBK,2019-05-09,2019-05-09 14:34:27,Q1,13310000,6566000.0,6744000.0,0.506686701728024,0.0,8057000.0,0.0,0.0,14623000,4482000.0,6566000.0,425000.00000000006,12244000,2.41900400687,5253000.0,2.15340583858,0.0,5253000.0,0.30672661450426253,1491000.0,3762000.0,2.15340583858,0.55758,0.55758,6747030.0,6747030.0,https://www.sec.gov/Archives/edgar/data/1470205/000156459019017847/0001564590-19-017847-index.htm,https://www.sec.gov/Archives/edgar/data/1470205/000156459019007775/icbk-10k_20181231.htm
0,2018-12-31,ICBK,2019-03-14,2019-03-14 15:13:53,Q4,13063000,6367000.0,6696000.0,0.512592819413611,0.0,9110000.0,0.0,0.0,15477000,4059000.0,6367000.0,490999.99999999994,10811000,2.15961538462,3953000.0,1.8141025641,0.0,3953000.0,2.53397435897,1123000.0,2830000.0,1.8141025641,0.41403,0.41403,6835330.0,6835330.0,https://www.sec.gov/Archives/edgar/data/1470205/000156459019007775/0001564590-19-007775-index.htm,https://www.sec.gov/Archives/edgar/data/1470205/000156459019007775/icbk-10k_20181231.htm
0,2018-09-30,ICBK,2018-11-08,2018-11-08 12:46:52,Q3,12760000,6050000.0,6710000.0,0.5258620689655172,0.0,8010000.0,0.0,0.0,14060000,4394000.0,6050000.0,389999.9999999999,11190000,2.67728813559,4750000.0,2.38440677966,0.0,4750000.0,3.21694915254,1230000.0,3520000.0,2.38440677966,0.52071,0.52071,6760000.0,6760000.0,https://www.sec.gov/Archives/edgar/data/1470205/000156459018028396/0001564590-18-028396-index.htm,https://www.sec.gov/Archives/edgar/data/1470205/000156459018028396/icbk-10q_20180930.htm
0,2018-06-30,ICBK,2018-08-08,2018-08-08 15:02:47,Q2,12660000,5430000.0,7230000.0,0.5710900473933649,0.0,7470000.0,0.0,0.0,12900000,4114000.0,5430000.0,400000.0,11010000,129.53333333333333,5180000.0,115.2,0.0,5180000.0,115.2,1330000.0,3850000.0,85.55555555555556,0.56869,0.56869,6770000.0,6770000.0,https://www.sec.gov/Archives/edgar/data/1470205/000156459018020388/0001564590-18-020388-index.htm,https://www.sec.gov/Archives/edgar/data/1470205/000156459018020388/icbk-10q_20180630.htm
0,2018-03-31,ICBK,2018-05-09,2018-05-09 12:29:27,Q1,12310000,4420000.0,7890000.0,0.6409423233143785,0.0,6890000.0,0.0,0.0,11310000,4218000.0,4420000.0,380000.0,10220000,0.544790652386,5430000.0,0.52852969815,0.0,5430000.0,0.52852969815,1370000.0,4050000.0,0.394741966894,0.59823,0.59823,6770000.0,6770000.0,https://www.sec.gov/Archives/edgar/data/1470205/000156459018012197/0001564590-18-012197-index.htm,https://www.sec.gov/Archives/edgar/data/1470205/000156459018005877/icbk-10k_20171231.htm
0,2017-12-31,ICBK,2018-03-15,2018-03-15 17:12:32,Q4,12160000,4080000.0,8080000.0,0.6644736842105263,0.0,7180000.0,0.0,0.0,11260000,3702000.0,4080000.0,390000.0,8460000.0,-0.2612915025929034,4990000.0,-0.28468142792589246,0.0,4990000.0,0.490313698495,1860000.0,2130000.0,0.209558461992,0.31416,0.31416,6780000.0,6780000.0,https://www.sec.gov/Archives/edgar/data/1470205/000156459018005877/0001564590-18-005877-index.htm,https://www.sec.gov/Archives/edgar/data/1470205/000156459018005877/icbk-10k_20171231.htm
0,2017-09-30,ICBK,2017-11-08,2017-11-08 14:17:14,Q3,12050000,3750000.0,8300000.0,0.6887966804979253,0.0,6320000.0,0.0,0.0,10070000,3845000.0,3750000.0,370000.0,9840000.0,0.594016664993,5720000.0,0.574641100291,0.0,5720000.0,0.574641100291,2120000.0,3600000.0,0.361811063146,0.53254,0.53254,6760000.0,6760000.0,https://www.sec.gov/Archives/edgar/data/1470205/000156459017022633/0001564590-17-022633-index.htm,https://www.sec.gov/Archives/edgar/data/1470205/000156459017022633/icbk-10q_20170930.htm
0,2017-06-30,ICBK,2017-08-08,2017-08-08 06:07:31,Q2,11420000,3400000.0,8020000.0,0.702276707530648,0.0,8160000.0,0.0,0.0,11560000,3833000.0,3400000.0,400000.0,7050000.0,0.359631683583,3250000.0,0.339855603223,0.0,3250000.0,0.339855603223,1190000.0,2060000.0,0.215339541697,0.307,0.307,6710000.0,6710000.0,https://www.sec.gov/Archives/edgar/data/1470205/000156459017016223/0001564590-17-016223-index.htm,https://www.sec.gov/Archives/edgar/data/1470205/000156459017016223/icbk-10q_20170630.htm
0,2017-03-31,ICBK,2017-05-09,2017-05-09 14:09:09,Q1,10920000,2940000.0,7980000.0,0.7307692307692307,0.0,6660000.0,0.0,0.0,9600000.0,4057000.0,2940000.0,370000.0,7570000.0,0.477603826919,4260000.0,0.462926723201,0.0,4260000.0,0.462926723201,1630000.0,2630000.0,0.286149162861,0.39079,0.39079,6730000.0,6730000.0,https://www.sec.gov/Archives/edgar/data/1470205/000156459017009743/0001564590-17-009743-index.htm,https://www.sec.gov/Archives/edgar/data/1470205/000156459017005165/icbk-10k_20161231.htm
0,2016-12-31,ICBK,2017-03-23,2017-03-23 17:22:22,Q4,12160000,2810000.0,9350000.0,0.7689144736842105,0.0,6540000.0,0.0,0.0,9350000.0,3547000.0,2810000.0,400000.0,8830000.0,0.0213793103448,5620000.0,-0.26249943236002,0.0,5620000.0,0.553300492611,2150000.0,3470000.0,0.34197044335,0.50363,0.50363,6890000.0,6890000.0,https://www.sec.gov/Archives/edgar/data/1470205/000156459017005165/0001564590-17-005165-index.htm,https://www.sec.gov/Archives/edgar/data/1470205/000156459017005165/icbk-10k_20161231.htm
0,2016-09-30,ICBK,2016-11-10,2016-11-10 16:39:56,Q3,12190000,2630000.0,9560000.0,0.7842493847415914,0.0,7240000.0,0.0,0.0,9870000.0,3461000.0,2630000.0,489999.99999999994,8070000.0,0.505306603774,4950000.0,0.486536949686,0.0,4950000.0,0.486536949686,1850000.0,3100000.0,0.30483490566,0.46828,0.46828,6620000.0,6620000.0,https://www.sec.gov/Archives/edgar/data/1470205/000156459016028960/0001564590-16-028960-index.htm,https://www.sec.gov/Archives/edgar/data/1470205/000156459016028960/icbk-10q_20160930.htm
0,2016-06-30,ICBK,2016-08-12,2016-08-12 16:02:06,Q2,11060000,2400000.0,8660000.0,0.783001808318264,0.0,7920000.0,0.0,0.0,10320000,3092000.0,2400000.0,270000.0,5810000.0,0.385958574181,3140000.0,0.378010597303,0.0,3140000.0,0.378010597303,1190000.0,1950000.0,0.234224470135,0.31502,0.31502,6190000.0,6190000.0,https://www.sec.gov/Archives/edgar/data/1470205/000156459016024176/0001564590-16-024176-index.htm,https://www.sec.gov/Archives/edgar/data/1470205/000156459016024176/icbk-10q_20160630.htm
0,2016-03-31,ICBK,2016-05-12,2016-05-12 14:46:57,Q1,8880000.0,2180000.0,6700000.0,0.7545045045045045,0.0,5400000.0,0.0,0.0,7580000.0,3001000.0,2180000.0,180000.0,5840000.0,0.506559031282,3470000.0,0.500360386334,0.0,3470000.0,0.500360386334,1300000.0,2180000.0,0.313680265244,0.37012,0.37012,5890000.0,5890000.0,https://www.sec.gov/Archives/edgar/data/1470205/000156459016019211/0001564590-16-019211-index.htm,https://www.sec.gov/Archives/edgar/data/1470205/000156459016015188/icbk-10k_20151231.htm
0,2015-12-31,ICBK,2016-03-23,2016-03-23 16:37:16,Q4,9370000.0,2020000.0,7350000.0,0.7844183564567769,0.0,4790000.0,0.0,0.0,6810000.0,2537000.0,2020000.0,149999.99999999997,6750000.0,-0.36527868269857255,4580000.0,-0.38242610910383223,0.0,4580000.0,0.655596908102,1680000.0,2900000.0,0.415115946178,0.49573,0.49573,5850000.0,5850000.0,https://www.sec.gov/Archives/edgar/data/1470205/000156459016015188/0001564590-16-015188-index.htm,https://www.sec.gov/Archives/edgar/data/1470205/000156459016015188/icbk-10k_20151231.htm
0,2015-09-30,ICBK,2015-11-12,2015-11-10 18:06:24,Q3,8590000.0,1890000.0,6700000.0,0.779976717112922,0.0,3270000.0,0.0,0.0,5160000.0,2643000.0,1890000.0,140000.0,7360000.0,0.775724057634,5330000.0,0.775141900742,0.0,5330000.0,0.775141900742,2000000.0,3330000.0,0.484645611992,0.56826,0.56826,5860000.0,5860000.0,https://www.sec.gov/Archives/edgar/data/1470205/000156459015010378/0001564590-15-010378-index.htm,https://www.sec.gov/Archives/edgar/data/1470205/000156459015010378/icbk-10q_20150930.htm
0,2015-06-30,ICBK,2015-08-14,2015-08-14 10:58:12,Q2,7940000.0,1800000.0,6140000.0,0.7732997481108312,0.0,4370000.0,0.0,0.0,6170000.0,2869000.0,1800000.0,150000.0,5520000.0,0.573172690763,3560000.0,0.572369477912,0.0,3560000.0,0.572369477912,1350000.0,2220000.0,0.356305220884,0.37884,0.37884,5860000.0,5860000.0,https://www.sec.gov/Archives/edgar/data/1470205/000156459015007344/0001564590-15-007344-index.htm,https://www.sec.gov/Archives/edgar/data/1470205/000156459015007344/icbk-10q_20150630.htm
0,2015-03-31,ICBK,2015-05-14,2015-05-14 16:12:00,Q1,8040000.0,1820000.0,6220000.0,0.7736318407960199,0.0,4020000.0,0.0,0.0,5840000.0,2720000.0,1820000.0,150000.0,6000000.0,0.653365774534,4020000.0,0.652716950527,0.0,4020000.0,0.652716950527,1500000.0,2530000.0,0.409732360097,0.43772,0.43772,5780000.0,5780000.0,https://www.sec.gov/Archives/edgar/data/1470205/000156459015004304/0001564590-15-004304-index.htm,https://www.sec.gov/Archives/edgar/data/1470205/000156459015004304/icbk-10q_20150331.htm
