,date,symbol,fillingDate,acceptedDate,period,revenue,costOfRevenue,grossProfit,grossProfitRatio,researchAndDevelopmentExpenses,generalAndAdministrativeExpenses,sellingAndMarketingExpenses,otherExpenses,operatingExpenses,costAndExpenses,interestExpense,depreciationAndAmortization,ebitda,ebitdaratio,operatingIncome,operatingIncomeRatio,totalOtherIncomeExpensesNet,incomeBeforeTax,incomeBeforeTaxRatio,incomeTaxExpense,netIncome,netIncomeRatio,eps,epsdiluted,weightedAverageShsOut,weightedAverageShsOutDil,link,finalLink
0,2020-06-30,MRCC,2020-08-06,2020-08-05 19:26:11,Q2,15771000,0.0,0.0,0.0,0.0,890000.0,0.0,0.0,520000.0,0.0,4035000.0,0.0,0.0,0.0,0.0,0.9105953966140384,0.0,14361000,0.9105953966140384,127000.0,14234000,0.9025426415572887,0.69,0.69,20637000,20637000,https://www.sec.gov/Archives/edgar/data/1512931/000110465920090986/0001104659-20-090986-index.htm,https://www.sec.gov/Archives/edgar/data/1512931/000110465920090986/tm2024618-1_10q.htm
0,2020-03-31,MRCC,2020-05-08,2020-05-08 16:26:53,Q1,-35527000,0.0,0.0,0.0,0.0,819000.0,0.0,0.0,484000.0,0.0,4346000.0,0.0,0.0,0.0,0.0,1.0366763306780757,0.0,-36830000,1.0366763306780757,20000.0,-36850000,1.037239282798998,-1.81,-1.81,20445000,20445000,https://www.sec.gov/Archives/edgar/data/1512931/000110465920058828/0001104659-20-058828-index.htm,https://www.sec.gov/Archives/edgar/data/1512931/000110465920058828/tm2015461d1_10q.htm
0,2019-12-31,MRCC,2020-03-03 00:00:00,2020-03-03 16:58:30,Q4,5576000.0,0.0,0.0,0.0,0.0,946000.0,0.0,0.0,485000.0,0.0,4763000.0,0.0,0.0,0.0,0.0,0.7433644189383071,0.0,4145000.0,0.7433644189383071,7000.0,4128000.0,0.7403156384505022,0.21,0.21,20445000,20445000,https://www.sec.gov/Archives/edgar/data/1512931/000110465920028643/0001104659-20-028643-index.html,https://www.sec.gov/Archives/edgar/data/1512931/000110465920028643/tm208259-1_10k.htm
0,2019-09-30,MRCC,2019-11-06 00:00:00,2019-11-06 16:34:34,Q3,4415000.0,0.0,0.0,0.0,0.0,905000.0,0.0,0.0,-143000.0,0.0,5076000.0,0.0,0.0,0.0,0.0,0.8274065685164212,0.0,3653000.0,0.8274065685164212,0.0,3653000.0,0.8274065685164212,0.17,0.17,20445000,20445000,https://www.sec.gov/Archives/edgar/data/1512931/000110465919060540/0001104659-19-060540-index.html,https://www.sec.gov/Archives/edgar/data/1512931/000110465919060540/tv531272_10q.htm
0,2019-06-30,MRCC,2019-08-06 00:00:00,2019-08-06 17:15:14,Q2,5108000.0,0.0,0.0,0.0,0.0,916000.0,0.0,0.0,200000.0,0.0,4639000.0,0.0,0.0,0.0,0.0,0.7815191855912295,0.0,3992000.0,0.7815191855912295,0.0,3992000.0,0.7815191855912295,0.2,0.2,20445000,20445000,https://www.sec.gov/Archives/edgar/data/1512931/000114420419037921/0001144204-19-037921-index.html,https://www.sec.gov/Archives/edgar/data/1512931/000114420419037921/tv526446_10q.htm
0,2019-03-31,MRCC,2019-05-07 00:00:00,2019-05-07 16:51:56,Q1,8484000.0,1600000.0,14559000,1.716053748231966,0.0,898000.0,0.0,281000.0,145000.0,4731000.0,3921000.0,0.0,0.0,0.0,11428000,0.8770627062706271,367000.0,7441000.0,0.8770627062706271,0.0,7441000.0,0.8770627062706271,0.36,0.36,20445000,20445000,https://www.sec.gov/Archives/edgar/data/1512931/000114420419024268/0001144204-19-024268-index.html,https://www.sec.gov/Archives/edgar/data/1512931/000114420419024268/tv520552_10q.htm
0,2018-12-31,MRCC,2019-03-05 00:00:00,2019-03-05 17:07:01,Q4,2511000.0,9022000.0,5813000.0,2.3150139386698525,0.0,881000.0,0.0,0.0,459000.0,3199000.0,3374000.0,0.0,0.0,0.0,11636000,0.4663480684986061,-6632000.0,1171000.0,0.4663480684986061,0.0,1171000.0,0.4663480684986061,0.06,0.06,20445000,20445000,https://www.sec.gov/Archives/edgar/data/1512931/000114420419012276/0001144204-19-012276-index.html,https://www.sec.gov/Archives/edgar/data/1512931/000114420419012276/tv514438_10k.htm
0,2018-09-30,MRCC,2018-11-06 00:00:00,2018-11-06 17:15:18,Q3,324000.0,0.0,13779000,42.52777777777778,0.0,962000.0,0.0,0.0,355000.0,3158000.0,2540000.0,0.0,0.0,0.0,10621000,-3.064814814814815,-8719000.0,-993000.0,-3.064814814814815,0.0,-993000.0,-3.064814814814815,-0.05,-0.05,20417000,20417000,https://www.sec.gov/Archives/edgar/data/1512931/000114420418057670/0001144204-18-057670-index.html,https://www.sec.gov/Archives/edgar/data/1512931/000114420418057670/tv506143_10q.htm
0,2018-06-30,MRCC,2018-08-07 00:00:00,2018-08-07 16:18:36,Q2,5481000.0,990000.0,13830000,2.5232621784345923,0.0,886000.0,0.0,0.0,315000.0,4078000.0,2521000.0,0.0,0.0,0.0,10742000,0.7808794015690568,-3626000.0,4280000.0,0.7808794015690568,0.0,4280000.0,0.7808794015690568,0.21,0.21,20244000,20244000,https://www.sec.gov/Archives/edgar/data/1512931/000114420418042447/0001144204-18-042447-index.html,https://www.sec.gov/Archives/edgar/data/1512931/000114420418042447/tv500095_10q.htm
0,2018-03-31,MRCC,2018-05-08 00:00:00,2018-05-08 16:13:07,Q1,2526000.0,761000.0,14189000,5.617181314330958,0.0,844000.0,0.0,0.0,292000.0,3779000.0,2425000.0,0.0,0.0,0.0,11171000,0.55027711797308,-7075000.0,1390000.0,0.55027711797308,0.0,1390000.0,0.55027711797308,0.07,0.07,20240000,20240000,https://www.sec.gov/Archives/edgar/data/1512931/000114420418026132/0001144204-18-026132-index.html,https://www.sec.gov/Archives/edgar/data/1512931/000114420418026132/tv493069_10q.htm
0,2017-12-31,MRCC,2018-03-14 00:00:00,2018-03-14 16:14:37,Q4,3406000.0,0.0,0.0,0.0,0.0,936000.0,0.0,0.0,229000.0,4216000.0,1924000.0,0.0,0.0,0.0,9148000.0,0.6579565472695243,-4696000.0,2241000.0,0.6579565472695243,0.0,2241000.0,0.6579565472695243,0.31,0.31,20240000,20240000,https://www.sec.gov/Archives/edgar/data/1512931/000114420418014651/0001144204-18-014651-index.html,https://www.sec.gov/Archives/edgar/data/1512931/000114420418014651/v487730_10k.htm
0,2017-09-30,MRCC,2017-11-07 00:00:00,2017-11-07 16:18:15,Q3,7599000.0,0.0,0.0,0.0,0.0,901000.0,0.0,0.0,380000.0,4675000.0,1627000.0,0.0,0.0,0.0,8794000.0,0.8314251875246743,-569000.0,6318000.0,0.8314251875246743,0.0,6318000.0,0.8314251875246743,0.31,0.31,20240000,20240000,https://www.sec.gov/Archives/edgar/data/1512931/000114420417056906/0001144204-17-056906-index.html,https://www.sec.gov/Archives/edgar/data/1512931/000114420417056906/tv478517_10q.htm
0,2017-06-30,MRCC,2017-08-08 00:00:00,2017-08-08 16:07:22,Q2,1925000.0,0.0,0.0,0.0,0.0,883000.0,0.0,0.0,18000.0,4246000.0,1916000.0,0.0,0.0,0.0,8022000.0,0.531948051948052,-4814000.0,1024000.0,0.531948051948052,0.0,1024000.0,0.531948051948052,0.06,0.06,17369000,17369000,https://www.sec.gov/Archives/edgar/data/1512931/000114420417041205/0001144204-17-041205-index.html,https://www.sec.gov/Archives/edgar/data/1512931/000114420417041205/v472516_10q.htm
0,2017-03-31,MRCC,2017-05-09 00:00:00,2017-05-09 16:02:54,Q1,3674000.0,0.0,0.0,0.0,0.0,867000.0,0.0,0.0,238000.0,3962000.0,1772000.0,0.0,0.0,0.0,8044000.0,0.6992378878606423,-3465000.0,2569000.0,0.6992378878606423,0.0,2569000.0,0.6992378878606423,0.15,0.15,16594000,16594000,https://www.sec.gov/Archives/edgar/data/1512931/000114420417025597/0001144204-17-025597-index.html,https://www.sec.gov/Archives/edgar/data/1512931/000114420417025597/v466081_10q.htm
0,2016-12-31,MRCC,2017-03-07 00:00:00,2017-03-07 17:16:02,Q4,8590000.0,0.0,0.0,0.0,0.0,840000.0,0.0,0.0,218000.0,4334000.0,1554000.0,0.0,0.0,0.0,6899000.0,0.8768335273573923,2428000.0,7532000.0,0.8768335273573923,0.0,7532000.0,0.8768335273573923,0.45,0.45,16578000,16578000,https://www.sec.gov/Archives/edgar/data/1512931/000114420417013273/0001144204-17-013273-index.html,https://www.sec.gov/Archives/edgar/data/1512931/000114420417013273/v460451_10k.htm
0,2016-09-30,MRCC,2016-11-07 00:00:00,2016-11-07 16:04:36,Q3,5049000.0,0.0,0.0,0.0,0.0,863000.0,0.0,0.0,574000.0,4022000.0,1291000.0,0.0,0.0,0.0,7106000.0,0.7153891859774213,-1971000.0,3612000.0,0.7153891859774213,0.0,3612000.0,0.7153891859774213,0.23,0.23,15559000,15559000,https://www.sec.gov/Archives/edgar/data/1512931/000114420416132052/0001144204-16-132052-index.html,https://www.sec.gov/Archives/edgar/data/1512931/000114420416132052/v451647_10q.htm
0,2016-06-30,MRCC,,,Q2,6264000.0,0.0,0.0,0.0,0.0,763000.0,0.0,0.0,224000.0,3586000.0,1549000.0,0.0,0.0,0.0,7532000.0,0.8424329501915708,-482000.0,5277000.0,0.8424329501915708,0.0,5277000.0,0.8424329501915708,0.41,0.41,13008000,13008000,,
0,2016-03-31,MRCC,2016-05-10 00:00:00,2016-05-10 16:11:42,Q1,8965000.0,0.0,0.0,0.0,0.0,821000.0,0.0,0.0,200000.0,4061000.0,1491000.0,0.0,0.0,0.0,7478000.0,0.8861126603457892,2157000.0,7944000.0,0.8861126603457892,0.0,7944000.0,0.8861126603457892,0.61,0.61,13008000,13008000,https://www.sec.gov/Archives/edgar/data/1512931/000114420416100434/0001144204-16-100434-index.html,https://www.sec.gov/Archives/edgar/data/1512931/000114420416100434/v438367_10q.htm
0,2015-12-31,MRCC,2016-03-04 00:00:00,2016-03-04 07:46:31,Q4,5168000.0,0.0,10126000,1.9593653250773995,0.0,755000.0,0.0,0.0,201000.0,3509000.0,1411000.0,0.0,0.0,0.0,6617000.0,0.815015479876161,-793000.0,4212000.0,0.815015479876161,0.0,4212000.0,0.815015479876161,0.33,0.33,12861000,12861000,https://www.sec.gov/Archives/edgar/data/1512931/000114420416085951/0001144204-16-085951-index.html,https://www.sec.gov/Archives/edgar/data/1512931/000114420416085951/v432483_10k.htm
0,2015-09-30,MRCC,2015-11-09 00:00:00,2015-11-09 07:37:54,Q3,5685000.0,0.0,9172000.0,1.6133685136323659,0.0,746000.0,0.0,0.0,199000.0,3240000.0,1235000.0,0.0,0.0,0.0,5932000.0,0.8337730870712401,242000.0,4740000.0,0.8337730870712401,0.0,4740000.0,0.8337730870712401,0.38,0.38,12545000,12545000,https://www.sec.gov/Archives/edgar/data/1512931/000114420415063482/0001144204-15-063482-index.html,https://www.sec.gov/Archives/edgar/data/1512931/000114420415063482/v423294_10q.htm
0,2015-06-30,MRCC,2015-08-10 00:00:00,2015-08-10 16:04:02,Q2,6057000.0,0.0,9519000.0,1.571570084200099,0.0,741000.0,0.0,0.0,252000.0,3197000.0,999000.0,0.0,0.0,0.0,6322000.0,0.8360574541852402,-7000.0,5064000.0,0.8360574541852402,0.0,5064000.0,0.8360574541852402,0.43,0.43,11718000,11718000,https://www.sec.gov/Archives/edgar/data/1512931/000114420415047716/0001144204-15-047716-index.html,https://www.sec.gov/Archives/edgar/data/1512931/000114420415047716/v416759_10q.htm
0,2015-03-31,MRCC,2015-05-11 00:00:00,2015-05-11 16:11:55,Q1,4756000.0,0.0,8081000.0,1.699116904962153,0.0,701000.0,0.0,0.0,179000.0,2811000.0,924000.0,0.0,0.0,0.0,5270000.0,0.8149705634987384,-291000.0,3876000.0,0.8149705634987384,0.0,3876000.0,0.8149705634987384,0.41,0.41,9562000.0,9562000.0,https://www.sec.gov/Archives/edgar/data/1512931/000114420415029268/0001144204-15-029268-index.html,https://www.sec.gov/Archives/edgar/data/1512931/000114420415029268/v409075_10q.htm
0,2014-12-31,MRCC,,,Q4,4940000.0,0.0,8683000.0,1.7576923076923077,0.0,773000.0,0.0,0.0,-35000.0,2902000.0,1195000.0,0.0,0.0,0.0,5781000.0,0.8506072874493927,-419000.0,4202000.0,0.8506072874493927,0.0,4202000.0,0.8506072874493927,0.0,0.0,0.0,0.0,,
0,2014-09-30,MRCC,2014-11-10 00:00:00,2014-11-10 07:14:29,Q3,4389000.0,0.0,0.0,0.0,0.0,851000.0,0.0,0.0,165000.0,0.0,935000.0,0.0,0.0,0.0,0.0,0.7685121895648211,0.0,3373000.0,0.7685121895648211,0.0,3373000.0,0.7685121895648211,0.35,0.35,9527000.0,9527000.0,https://www.sec.gov/Archives/edgar/data/1512931/000114420414066215/0001144204-14-066215-index.html,https://www.sec.gov/Archives/edgar/data/1512931/000114420414066215/v392651_10q.htm
0,2014-06-30,MRCC,2014-08-11 00:00:00,2014-08-11 07:46:43,Q2,3534000.0,0.0,7046000.0,1.9937747594793436,0.0,720000.0,0.0,0.0,148000.0,2417000.0,967000.0,0.0,0.0,0.0,4629000.0,0.7543859649122807,-848000.0,2666000.0,0.7543859649122807,0.0,2666000.0,0.7543859649122807,0.28,0.28,9582000.0,9582000.0,https://www.sec.gov/Archives/edgar/data/1512931/000114420414048225/0001144204-14-048225-index.html,https://www.sec.gov/Archives/edgar/data/1512931/000114420414048225/v385394_10q.htm
0,2014-03-31,MRCC,2014-05-12 00:00:00,2014-05-12 08:01:22,Q1,4362000.0,0.0,6516000.0,1.4938101788170564,0.0,549000.0,0.0,0.0,145000.0,2419000.0,822000.0,0.0,0.0,0.0,4097000.0,0.8408986703347089,538000.0,3668000.0,0.8408986703347089,0.0,3668000.0,0.8408986703347089,0.38,0.38,9761000.0,9761000.0,https://www.sec.gov/Archives/edgar/data/1512931/000114420414029295/0001144204-14-029295-index.html,https://www.sec.gov/Archives/edgar/data/1512931/000114420414029295/v377000_10q.htm
0,2013-12-31,MRCC,,,Q4,3417000.0,0.0,6395000.0,1.871524729294703,0.0,724000.0,0.0,0.0,181000.0,2271000.0,759000.0,0.0,0.0,0.0,4124000.0,0.7351477904594673,-672000.0,2512000.0,0.7351477904594673,0.0,2512000.0,0.7351477904594673,0.0,0.0,0.0,0.0,,
0,2013-09-30,MRCC,2013-11-12 00:00:00,2013-11-12 08:02:36,Q3,2698000.0,0.0,4347000.0,1.6111934766493698,0.0,601000.0,0.0,0.0,131000.0,1340000.0,463000.0,0.0,0.0,0.0,3007000.0,0.7286879169755375,-447000.0,1966000.0,0.7286879169755375,0.0,1966000.0,0.7286879169755375,0.22,0.22,8922000.0,8922000.0,https://www.sec.gov/Archives/edgar/data/1512931/000119312513437029/0001193125-13-437029-index.html,https://www.sec.gov/Archives/edgar/data/1512931/000119312513437029/d621861d10q.htm
0,2013-06-30,MRCC,2013-08-13 00:00:00,2013-08-13 07:30:53,Q2,2642000.0,0.0,3752000.0,1.4201362604087813,0.0,530000.0,0.0,0.0,124000.0,1522000.0,556000.0,0.0,0.0,0.0,2230000.0,0.7524602573807722,438000.0,1988000.0,0.7524602573807722,0.0,1988000.0,0.7524602573807722,0.34,0.34,5765000.0,5765000.0,https://www.sec.gov/Archives/edgar/data/1512931/000119312513331793/0001193125-13-331793-index.html,https://www.sec.gov/Archives/edgar/data/1512931/000119312513331793/d578355d10q.htm
0,2013-03-31,MRCC,2013-05-14 00:00:00,2013-05-14 08:31:02,Q1,3804000.0,0.0,3719000.0,0.9776550998948476,0.0,504000.0,0.0,0.0,0.0,1522000.0,694000.0,0.0,0.0,0.0,2197000.0,0.8675078864353313,1797000.0,3300000.0,0.8675078864353313,0.0,3300000.0,0.8675078864353313,0.57,0.57,5751000.0,5751000.0,https://www.sec.gov/Archives/edgar/data/1512931/000119312513218238/0001193125-13-218238-index.html,https://www.sec.gov/Archives/edgar/data/1512931/000119312513218238/d537101d10q.htm
