,date,symbol,fillingDate,acceptedDate,period,revenue,costOfRevenue,grossProfit,grossProfitRatio,researchAndDevelopmentExpenses,generalAndAdministrativeExpenses,sellingAndMarketingExpenses,otherExpenses,operatingExpenses,costAndExpenses,interestExpense,depreciationAndAmortization,ebitda,ebitdaratio,operatingIncome,operatingIncomeRatio,totalOtherIncomeExpensesNet,incomeBeforeTax,incomeBeforeTaxRatio,incomeTaxExpense,netIncome,netIncomeRatio,eps,epsdiluted,weightedAverageShsOut,weightedAverageShsOutDil,link,finalLink
0,2020-09-30,BFC,2020-11-06,2020-11-06 16:04:37,Q3,26382000,0.0,0.0,0.0,0.0,8332000.0,41000.0,0.0,0.0,0.0,3003000.0,0.0,0.0,0.0,0.0,0.5491623076339929,0.0,14488000,0.5491623076339929,3534000.0,10954000,0.4152073383367447,1.42,1.42,7673572.0,7691326.0,https://www.sec.gov/Archives/edgar/data/1746109/000110465920122490/0001104659-20-122490-index.htm,https://www.sec.gov/Archives/edgar/data/1746109/000110465920122490/tmb-20200930x10q.htm
0,2020-06-30,BFC,2020-08-07,2020-08-07 20:19:18,Q2,26533000,0.0,0.0,0.0,0.0,8288000.0,69000.0,0.0,0.0,0.0,3586000.0,0.0,0.0,0.0,0.0,0.41352278294953454,0.0,10972000,0.41352278294953454,2676000.0,8296000.0,0.3126672445633739,1.11,1.11,7395199.0,7405995.0,https://www.sec.gov/Archives/edgar/data/1746109/000110465920092139/0001104659-20-092139-index.htm,https://www.sec.gov/Archives/edgar/data/1746109/000110465920092139/tmb-20200630x10q.htm
0,2020-03-31,BFC,2020-05-11,2020-05-11 16:03:25,Q1,19776000,0.0,0.0,0.0,0.0,7878000.0,55000.0,0.0,0.0,0.0,4653000.0,0.0,0.0,0.0,0.0,0.44619741100323623,0.0,8824000.0,0.44619741100323623,1558000.0,7266000.0,0.36741504854368934,1.03,1.02,7028690.0,7128246.0,https://www.sec.gov/Archives/edgar/data/1746109/000110465920059512/0001104659-20-059512-index.htm,https://www.sec.gov/Archives/edgar/data/1746109/000110465920031995/tv537755-10k.htm
0,2019-12-31,BFC,2020-03-11,2020-03-11 17:07:23,Q4,21058000,0.0,0.0,0.0,0.0,7625000.0,88000.0,0.0,0.0,0.0,5015000.0,0.0,0.0,0.0,0.0,0.4598727324532244,0.0,9684000.0,0.4598727324532244,2225000.0,7459000.0,0.35421217589514675,0.0,0.0,0.0,0.0,https://www.sec.gov/Archives/edgar/data/1746109/000110465920031995/0001104659-20-031995-index.htm,https://www.sec.gov/Archives/edgar/data/1746109/000110465920031995/tv537755-10k.htm
0,2019-09-30,BFC,2019-11-12,2019-11-12 16:05:51,Q3,22381000,0.0,0.0,0.0,0.0,7618000.0,53000.0,0.0,0.0,0.0,5176000.0,0.0,0.0,0.0,0.0,0.3740226084625352,0.0,8371000.0,0.3740226084625352,1712000.0,6659000.0,0.29752915419328896,0.95,0.93,7036807.0,7134674.0,https://www.sec.gov/Archives/edgar/data/1746109/000110465919062607/0001104659-19-062607-index.htm,https://www.sec.gov/Archives/edgar/data/1746109/000110465919062607/tm1920852-1_10q.htm
0,2019-06-30,BFC,2019-08-13,2019-08-13 16:49:55,Q2,16971000,0.0,0.0,0.0,0.0,6608000.0,53000.0,0.0,0.0,0.0,4784000.0,0.0,0.0,0.0,0.0,0.45106357904660893,0.0,7655000.0,0.45106357904660893,1666000.0,5989000.0,0.35289611690530903,0.91,0.9,6577016.0,6675794.0,https://www.sec.gov/Archives/edgar/data/1746109/000114420419039576/0001144204-19-039576-index.htm,https://www.sec.gov/Archives/edgar/data/1746109/000114420419039576/tv526289_10q.htm
0,2019-03-31,BFC,2019-05-08,2019-05-08 16:27:41,Q1,17235000,0.0,0.0,0.0,0.0,6420000.0,74000.0,0.0,0.0,0.0,4523000.0,0.0,0.0,0.0,0.0,0.49776617348418917,0.0,8579000.0,0.49776617348418917,1992000.0,6587000.0,0.38218740934145634,1.0,1.0,6574362.0,6608273.0,https://www.sec.gov/Archives/edgar/data/1746109/000114420419024520/0001144204-19-024520-index.htm,https://www.sec.gov/Archives/edgar/data/1746109/000114420419016011/tv516828-10k.htm
0,2018-12-31,BFC,2019-03-26,2019-03-26 16:43:38,Q4,17257000,0.0,0.0,0.0,0.0,6665000.0,78000.0,0.0,0.0,0.0,4240000.0,0.0,0.0,0.0,0.0,0.43014428927391785,0.0,7423000.0,0.43014428927391785,1362000.0,6061000.0,0.35121979486585153,0.0,0.0,0.0,0.0,https://www.sec.gov/Archives/edgar/data/1746109/000114420419016011/0001144204-19-016011-index.htm,https://www.sec.gov/Archives/edgar/data/1746109/000114420419016011/tv516828-10k.htm
0,2018-09-30,BFC,2018-12-07 00:00:00,2018-12-07 11:25:23,Q3,16994000,0.0,0.0,0.0,0.0,6235000.0,36000.0,0.0,0.0,0.0,3974000.0,0.0,0.0,0.0,0.0,0.44345062963398846,0.0,7536000.0,0.44345062963398846,1604000.0,5932000.0,0.3490643756619983,0.89,0.89,6659021.0,6659021.0,https://www.sec.gov/Archives/edgar/data/1746109/000114420418063517/0001144204-18-063517-index.html,https://www.sec.gov/Archives/edgar/data/1746109/000114420418063517/tv507807_10q.htm
