,date,symbol,fillingDate,acceptedDate,period,revenue,costOfRevenue,grossProfit,grossProfitRatio,researchAndDevelopmentExpenses,generalAndAdministrativeExpenses,sellingAndMarketingExpenses,otherExpenses,operatingExpenses,costAndExpenses,interestExpense,depreciationAndAmortization,ebitda,ebitdaratio,operatingIncome,operatingIncomeRatio,totalOtherIncomeExpensesNet,incomeBeforeTax,incomeBeforeTaxRatio,incomeTaxExpense,netIncome,netIncomeRatio,eps,epsdiluted,weightedAverageShsOut,weightedAverageShsOutDil,link,finalLink
0,2020-09-30,SRCE,2020-10-22,2020-10-22 16:19:21,Q3,82909000,0.0,0.0,0.0,0.0,28705000,0.0,0.0,0.0,0.0,8049000.0,4694000.0,0.0,0.0,0.0,0.32038741270549637,0.0,26563000,0.32038741270549637,6509000.0,20058000,0.2419278968507641,0.78,0.78,25552374,25552374,https://www.sec.gov/Archives/edgar/data/34782/000003478220000133/0000034782-20-000133-index.htm,https://www.sec.gov/Archives/edgar/data/34782/000003478220000133/source-20200930.htm
0,2020-06-30,SRCE,2020-07-23,2020-07-23 16:22:30,Q2,79242000,0.0,0.0,0.0,0.0,27109000,0.0,0.0,0.0,0.0,9849000.0,5142000.0,0.0,0.0,0.0,0.3033997122737942,0.0,24042000,0.3033997122737942,5516000.0,18502000,0.23348729209257718,0.72,0.72,25540855,25540855,https://www.sec.gov/Archives/edgar/data/34782/000003478220000107/0000034782-20-000107-index.htm,https://www.sec.gov/Archives/edgar/data/34782/000003478220000107/source-20200630.htm
0,2020-03-31,SRCE,2020-04-23,2020-04-23 16:03:27,Q1,79466000,0.0,0.0,0.0,0.0,27682000,0.0,0.0,0.0,0.0,12842000,5427000.0,0.0,0.0,0.0,0.2715375128985981,0.0,21578000,0.2715375128985981,5160000.0,16413000,0.20654116225807265,0.64,0.64,25523356,25523356,https://www.sec.gov/Archives/edgar/data/34782/000003478220000066/0000034782-20-000066-index.htm,https://www.sec.gov/Archives/edgar/data/34782/000003478220000035/sce-20191231x10k.htm
0,2019-12-31,SRCE,2020-02-20,2020-02-20 16:06:02,Q4,80873000,0.0,0.0,0.0,0.0,29206000,0.0,0.0,0.0,0.0,14247000,6006000.0,0.0,0.0,0.0,0.35334413215782773,0.0,28576000,0.35334413215782773,6622000.0,21941000,0.27130191782176993,0.86,0.86,25509240,25509240,https://www.sec.gov/Archives/edgar/data/34782/000003478220000035/0000034782-20-000035-index.htm,https://www.sec.gov/Archives/edgar/data/34782/000003478220000035/sce-20191231x10k.htm
0,2019-09-30,SRCE,2019-10-17,2019-10-17 16:35:24,Q3,82960000,0.0,0.0,0.0,0.0,28181000,0.0,0.0,0.0,0.0,15481000,6198000.0,0.0,0.0,0.0,0.3873794599807136,0.0,32137000,0.3873794599807136,7689000.0,24438000,0.29457569913211185,0.95,0.95,25520035,25520035,https://www.sec.gov/Archives/edgar/data/34782/000003478219000099/0000034782-19-000099-index.htm,https://www.sec.gov/Archives/edgar/data/34782/000003478219000099/sce-2019930x10q.htm
0,2019-06-30,SRCE,2019-07-18,2019-07-18 16:19:01,Q2,82091000,0.0,0.0,0.0,0.0,27681000,0.0,0.0,0.0,0.0,15210000,6400000.0,0.0,0.0,0.0,0.371429267520191,0.0,30491000,0.371429267520191,7074000.0,23385000,0.2848667941674483,0.91,0.91,25615718,25615718,https://www.sec.gov/Archives/edgar/data/34782/000003478219000075/0000034782-19-000075-index.htm,https://www.sec.gov/Archives/edgar/data/34782/000003478219000075/sce-2019630x10q.htm
0,2019-03-31,SRCE,2019-04-18,2019-04-18 16:28:53,Q1,79072000,0.0,0.0,0.0,0.0,26582000,0.0,0.0,0.0,0.0,14073000,6524000.0,0.0,0.0,0.0,0.36612201537838934,0.0,28950000,0.36612201537838934,6754000.0,22196000,0.280706191825172,0.86,0.86,25759186,25759186,https://www.sec.gov/Archives/edgar/data/34782/000003478219000044/0000034782-19-000044-index.htm,https://www.sec.gov/Archives/edgar/data/34782/000003478219000039/sce-20181231x10k.htm
0,2018-12-31,SRCE,2019-02-22,2019-02-22 15:21:37,Q4,80003000,0.0,0.0,0.0,0.0,27946000,0.0,0.0,0.0,0.0,12674000,6556000.0,0.0,0.0,0.0,0.34511205829781383,0.0,27610000,0.34511205829781383,6164000.0,21446000,0.2680649475644663,0.82,0.82,25876687,25876687,https://www.sec.gov/Archives/edgar/data/34782/000003478219000039/0000034782-19-000039-index.htm,https://www.sec.gov/Archives/edgar/data/34782/000003478219000039/sce-20181231x10k.htm
0,2018-09-30,SRCE,2018-10-18,2018-10-18 16:20:27,Q3,78422000,0.0,0.0,0.0,0.0,27317000,0.0,0.0,0.0,0.0,11334000,6580000.0,0.0,0.0,0.0,0.3178062278442274,0.0,24923000,0.3178062278442274,5035000.0,19888000,0.25360230547550433,0.76,0.76,25965694,25965694,https://www.sec.gov/Archives/edgar/data/34782/000003478218000097/0000034782-18-000097-index.htm,https://www.sec.gov/Archives/edgar/data/34782/000003478218000097/sce-2018930x10q.htm
0,2018-06-30,SRCE,2018-07-19,2018-07-19 16:39:55,Q2,78192000,0.0,0.0,0.0,0.0,27634000,0.0,0.0,0.0,0.0,10696000,6684000.0,0.0,0.0,0.0,0.3516728054020872,0.0,27498000,0.3516728054020872,5534000.0,21964000,0.2808983016165337,0.84,0.84,25958128,25958128,https://www.sec.gov/Archives/edgar/data/34782/000003478218000075/0000034782-18-000075-index.htm,https://www.sec.gov/Archives/edgar/data/34782/000003478218000075/sce-2018630x10q.htm
0,2018-03-31,SRCE,2018-04-19,2018-04-19 16:21:07,Q1,74339000,0.0,0.0,0.0,0.0,26315000,0.0,0.0,0.0,0.0,8706000.0,6428000.0,0.0,0.0,0.0,0.3362434253890959,0.0,24996000,0.3362434253890959,5880000.0,19116000,0.2571463162001103,0.73,0.73,25950386,25950386,https://www.sec.gov/Archives/edgar/data/34782/000003478218000045/0000034782-18-000045-index.htm,https://www.sec.gov/Archives/edgar/data/34782/000003478218000033/sce-20171231x10k.htm
0,2017-12-31,SRCE,2018-02-16,2018-02-16 15:36:43,Q4,74485000,0.0,0.0,0.0,0.0,28056000,0.0,0.0,0.0,0.0,7371000.0,6674000.0,0.0,0.0,0.0,0.3161710411492247,0.0,23550000,0.3161710411492247,5556000.0,17994000,0.24157884137745855,0.69,0.69,25936508,25936508,https://www.sec.gov/Archives/edgar/data/34782/000003478218000033/0000034782-18-000033-index.htm,https://www.sec.gov/Archives/edgar/data/34782/000003478218000033/sce-20171231x10k.htm
0,2017-09-30,SRCE,2017-10-19,2017-10-19 16:15:48,Q3,72821000,0.0,0.0,0.0,0.0,25224000,0.0,0.0,0.0,0.0,7201000.0,6565000.0,0.0,0.0,0.0,0.36721550102305656,0.0,26741000,0.36721550102305656,9559000.0,17182000,0.23594842147182818,0.66,0.66,25935867,25935867,https://www.sec.gov/Archives/edgar/data/34782/000003478217000084/0000034782-17-000084-index.htm,https://www.sec.gov/Archives/edgar/data/34782/000003478217000084/sce-2017930x10q.htm
0,2017-06-30,SRCE,2017-07-20,2017-07-20 16:08:25,Q2,69997000,0.0,0.0,0.0,0.0,24131000,0.0,0.0,0.0,0.0,6537000.0,6296000.0,0.0,0.0,0.0,0.3736445847679186,0.0,26154000,0.3736445847679186,9485000.0,16669000,0.23813877737617326,0.64,0.64,25927032,25927032,https://www.sec.gov/Archives/edgar/data/34782/000003478217000072/0000034782-17-000072-index.htm,https://www.sec.gov/Archives/edgar/data/34782/000003478217000072/sce-2017630x10q.htm
0,2017-03-31,SRCE,2017-04-20,2017-04-20 16:09:30,Q1,67034000,0.0,0.0,0.0,0.0,24870000,0.0,0.0,0.0,0.0,5645000.0,5680000.0,0.0,0.0,0.0,0.3716770594026912,0.0,24915000,0.3716770594026912,8709000.0,16206000,0.24175791389444162,0.62,0.62,25903397,25903397,https://www.sec.gov/Archives/edgar/data/34782/000003478217000046/0000034782-17-000046-index.htm,https://www.sec.gov/Archives/edgar/data/34782/000003478217000036/srce-20161231x10k.htm
0,2016-12-31,SRCE,2017-02-17,2017-02-17 16:06:53,Q4,65739000,0.0,0.0,0.0,0.0,25640000,0.0,0.0,0.0,0.0,5341000.0,5563000.0,0.0,0.0,0.0,0.3534583732639681,0.0,23236000,0.3534583732639681,8011000.0,15225000,0.23159768174143203,0.58,0.58,25873552,25873552,https://www.sec.gov/Archives/edgar/data/34782/000003478217000036/0000034782-17-000036-index.htm,https://www.sec.gov/Archives/edgar/data/34782/000003478217000036/srce-20161231x10k.htm
0,2016-09-30,SRCE,2016-10-20,2016-10-20 16:13:50,Q3,65359000,0.0,0.0,0.0,0.0,25302000,0.0,0.0,0.0,0.0,5606000.0,5570000.0,0.0,0.0,0.0,0.3388515736164874,0.0,22147000,0.3388515736164874,7883000.0,14264000,0.21824079315779005,0.55,0.55,25867169,25867169,https://www.sec.gov/Archives/edgar/data/34782/000003478216000175/0000034782-16-000175-index.htm,https://www.sec.gov/Archives/edgar/data/34782/000003478216000175/srce-2016930x10q.htm
0,2016-06-30,SRCE,2016-07-21,2016-07-21 16:12:53,Q2,64590000,0.0,0.0,0.0,0.0,24504000,0.0,0.0,0.0,0.0,5644000.0,5444000.0,0.0,0.0,0.0,0.34845951385663415,0.0,22507000,0.34845951385663415,8028000.0,14479000,0.2241678278371265,0.56,0.56,25853537,25853537,https://www.sec.gov/Archives/edgar/data/34782/000003478216000158/0000034782-16-000158-index.htm,https://www.sec.gov/Archives/edgar/data/34782/000003478216000158/srce-2016630x10q.htm
0,2016-03-31,SRCE,2016-04-21,2016-04-21 16:10:39,Q1,62916000,0.0,0.0,0.0,0.0,24718000,0.0,0.0,0.0,0.0,5510000.0,5101000.0,0.0,0.0,0.0,0.3375294042850785,0.0,21236000,0.3375294042850785,7418000.0,13818000,0.21962616822429906,0.53,0.53,25923530,25923530,https://www.sec.gov/Archives/edgar/data/34782/000003478216000131/0000034782-16-000131-index.htm,https://www.sec.gov/Archives/edgar/data/34782/000003478216000102/srce-20151231x10k.htm
0,2015-12-31,SRCE,2016-02-19,2016-02-19 16:09:54,Q4,64113000,0.0,0.0,0.0,0.0,26666000,0.0,0.0,0.0,0.0,4806000.0,4938000.0,0.0,0.0,0.0,0.34889959914525914,0.0,22369000,0.34889959914525914,7952000.0,14417000,0.22486859139332116,0.55,0.55,26059762,26059762,https://www.sec.gov/Archives/edgar/data/34782/000003478216000102/0000034782-16-000102-index.htm,https://www.sec.gov/Archives/edgar/data/34782/000003478216000102/srce-20151231x10k.htm
0,2015-09-30,SRCE,2015-10-22,2015-10-22 16:40:10,Q3,63341000,0.0,0.0,0.0,0.0,25234000,0.0,0.0,0.0,0.0,4612000.0,4858000.0,0.0,0.0,0.0,0.33597511880140823,0.0,21281000,0.33597511880140823,7353000.0,13928000,0.21988917131084132,0.53,0.53,26164646,26164646,https://www.sec.gov/Archives/edgar/data/34782/000003478215000043/0000034782-15-000043-index.htm,https://www.sec.gov/Archives/edgar/data/34782/000003478215000043/srce-2015930x10q.htm
0,2015-06-30,SRCE,2015-07-23,2015-07-23 16:21:53,Q2,63196000,0.0,0.0,0.0,0.0,24264000,0.0,0.0,0.0,0.0,4549000.0,4396000.0,0.0,0.0,0.0,0.3820494968035952,0.0,24144000,0.3820494968035952,8514000.0,15630000,0.24732578011266537,0.536364,0.536364,28834298,28834298,https://www.sec.gov/Archives/edgar/data/34782/000003478215000031/0000034782-15-000031-index.htm,https://www.sec.gov/Archives/edgar/data/34782/000003478215000031/srce-2015630x10q.htm
0,2015-03-31,SRCE,2015-04-23,2015-04-23 16:06:05,Q1,59187000,0.0,0.0,0.0,0.0,24229000,0.0,0.0,0.0,0.0,4196000.0,4088000.0,0.0,0.0,0.0,0.35090475949110445,0.0,20769000,0.35090475949110445,7258000.0,13511000,0.2282764796323517,0.509091,0.509091,26258272,26258272,https://www.sec.gov/Archives/edgar/data/34782/000003478215000015/0000034782-15-000015-index.htm,https://www.sec.gov/Archives/edgar/data/34782/000003478215000008/srce-20141231x10k.htm
0,2014-12-31,SRCE,2015-02-20,2015-02-20 16:12:15,Q4,60715000,0.0,0.0,0.0,0.0,25887000,0.0,0.0,0.0,0.0,4357000.0,3783000.0,0.0,0.0,0.0,0.32189738944247714,0.0,19544000,0.32189738944247714,4548000.0,14996000,0.2469900354113481,0.571305,0.571305,26248689,26248689,https://www.sec.gov/Archives/edgar/data/34782/000003478215000008/0000034782-15-000008-index.htm,https://www.sec.gov/Archives/edgar/data/34782/000003478215000008/srce-20141231x10k.htm
0,2014-09-30,SRCE,2014-10-23,2014-10-23 16:11:38,Q3,60102000,0.0,0.0,0.0,0.0,24288000,0.0,0.0,0.0,0.0,4442000.0,3571000.0,0.0,0.0,0.0,0.3534491364680044,0.0,21243000,0.3534491364680044,6296000.0,14947000,0.24869388705866693,0.563636,0.563636,26262864,26262864,https://www.sec.gov/Archives/edgar/data/34782/000003478214000040/0000034782-14-000040-index.htm,https://www.sec.gov/Archives/edgar/data/34782/000003478214000040/srce-2014930x10q.htm
0,2014-06-30,SRCE,2014-07-24,2014-07-24 16:13:16,Q2,59383000,0.0,0.0,0.0,0.0,21913000,0.0,0.0,0.0,0.0,4688000.0,3290000.0,0.0,0.0,0.0,0.3774817708771871,0.0,22416000,0.3774817708771871,7922000.0,14494000,0.24407658757556877,0.536364,0.536364,26485789,26485789,https://www.sec.gov/Archives/edgar/data/34782/000003478214000032/0000034782-14-000032-index.htm,https://www.sec.gov/Archives/edgar/data/34782/000003478214000032/srce-2014630x10q.htm
0,2014-03-31,SRCE,2014-04-24,2014-04-24 16:01:20,Q1,58016000,0.0,0.0,0.0,0.0,23422000,0.0,0.0,0.0,0.0,4737000.0,3249000.0,0.0,0.0,0.0,0.36608866519580807,0.0,21239000,0.36608866519580807,7607000.0,13632000,0.2349696635410921,0.5,0.5,26749190,26749190,https://www.sec.gov/Archives/edgar/data/34782/000003478214000018/0000034782-14-000018-index.htm,https://www.sec.gov/Archives/edgar/data/34782/000003478214000008/srce-20131231x10k.htm
0,2013-12-31,SRCE,2014-02-21,2014-02-21 16:01:42,Q4,57019000,0.0,0.0,0.0,0.0,24265000,0.0,0.0,0.0,0.0,5096000.0,3310000.0,0.0,0.0,0.0,0.3382732071765552,0.0,19288000,0.3382732071765552,5572000.0,13716000,0.24055139514898544,0.509091,0.509091,26754767,26755473,https://www.sec.gov/Archives/edgar/data/34782/000003478214000008/0000034782-14-000008-index.htm,https://www.sec.gov/Archives/edgar/data/34782/000003478214000008/srce-20131231x10k.htm
0,2013-09-30,SRCE,2013-10-24,2013-10-24 16:31:17,Q3,61316000,0.0,0.0,0.0,0.0,23951000,0.0,0.0,0.0,0.0,5808000.0,3246000.0,0.0,0.0,0.0,0.38008024006784524,0.0,23305000,0.38008024006784524,8409000.0,14896000,0.2429382216713419,0.545455,0.545455,26802842,26803819,https://www.sec.gov/Archives/edgar/data/34782/000110465913077653/0001104659-13-077653-index.htm,https://www.sec.gov/Archives/edgar/data/34782/000110465913077653/a13-19302_110q.htm
0,2013-06-30,SRCE,2013-07-25,2013-07-25 16:31:37,Q2,58992000,0.0,0.0,0.0,0.0,22534000,0.0,0.0,0.0,0.0,5740000.0,3274000.0,0.0,0.0,0.0,0.372169107675617,0.0,21955000,0.372169107675617,8013000.0,13942000,0.23633713045836724,0.46281,0.46281,29484710,29486457,https://www.sec.gov/Archives/edgar/data/34782/000110465913056692/0001104659-13-056692-index.htm,https://www.sec.gov/Archives/edgar/data/34782/000110465913056692/a13-13452_110q.htm
0,2013-03-31,SRCE,2013-04-25,2013-04-25 16:31:23,Q1,56702000,0.0,0.0,0.0,0.0,23123000,0.0,0.0,0.0,0.0,6124000.0,3225000.0,0.0,0.0,0.0,0.3420514267574336,0.0,19395000,0.3420514267574336,6991000.0,12404000,0.21875771577722125,0.454545,0.454545,26754183,26756760,https://www.sec.gov/Archives/edgar/data/34782/000110465913033021/0001104659-13-033021-index.htm,https://www.sec.gov/Archives/edgar/data/34782/000110465913013249/a12-27084_110k.htm
0,2012-12-31,SRCE,2013-02-22,2013-02-22 16:17:04,Q4,59083000,0.0,0.0,0.0,0.0,20314000,0.0,0.0,0.0,0.0,6964000.0,3293000.0,0.0,0.0,0.0,0.3143543828173925,0.0,18573000,0.3143543828173925,6227000.0,12346000,0.20896027622158658,0.454545,0.454545,26697217,26707411,https://www.sec.gov/Archives/edgar/data/34782/000110465913013249/0001104659-13-013249-index.htm,https://www.sec.gov/Archives/edgar/data/34782/000110465913013249/a12-27084_110k.htm
0,2012-09-30,SRCE,2012-10-25,2012-10-25 16:30:51,Q3,58212000,0.0,0.0,0.0,0.0,26156000,1008000.0,0.0,0.0,0.0,7673000.0,3795000.0,0.0,0.0,0.0,0.34991067133924275,0.0,20369000,0.34991067133924275,7364000.0,13005000,0.22340754483611627,0.481818,0.481818,26707095,26718444,https://www.sec.gov/Archives/edgar/data/34782/000110465912071202/0001104659-12-071202-index.htm,https://www.sec.gov/Archives/edgar/data/34782/000110465912071202/a12-18838_110q.htm
0,2012-06-30,SRCE,2012-07-26,2012-07-26 16:30:52,Q2,57765000,0.0,0.0,0.0,0.0,24638000,1050000.0,0.0,0.0,0.0,7756000.0,3803000.0,0.0,0.0,0.0,0.3312040162728296,0.0,19132000,0.3312040162728296,6565000.0,12567000,0.21755388210854323,0.463636,0.463636,26690269,26701287,https://www.sec.gov/Archives/edgar/data/34782/000110465912051473/0001104659-12-051473-index.htm,https://www.sec.gov/Archives/edgar/data/34782/000110465912051473/a12-12625_110q.htm
0,2012-03-31,SRCE,2012-04-26,2012-04-26 16:16:18,Q1,57908000,0.0,0.0,0.0,0.0,25026000,867000.0,0.0,0.0,0.0,7916000.0,4311000.0,0.0,0.0,0.0,0.30403398494163153,0.0,17606000,0.30403398494163153,5891000.0,11715000,0.20230365407197623,0.436364,0.436364,26685357,26697952,https://www.sec.gov/Archives/edgar/data/34782/000110465912029063/0001104659-12-029063-index.htm,https://www.sec.gov/Archives/edgar/data/34782/000110465912010878/a11-30328_110k.htm
0,2011-12-31,SRCE,2012-02-17,2012-02-17 15:25:24,Q4,57595000,0.0,0.0,0.0,0.0,26447000,1578000.0,0.0,0.0,0.0,8524000.0,4400000.0,0.0,0.0,0.0,0.2987064849379286,0.0,17204000,0.2987064849379286,6022000.0,11182000,0.19414879763868392,0.0,0.0,0.0,0.0,https://www.sec.gov/Archives/edgar/data/34782/000110465912010878/0001104659-12-010878-index.htm,https://www.sec.gov/Archives/edgar/data/34782/000110465912010878/a11-30328_110k.htm
0,2011-09-30,SRCE,2011-10-20,2011-10-20 16:16:59,Q3,56856000,0.0,0.0,0.0,0.0,24017000,968000.0,0.0,0.0,0.0,9960000.0,4650000.0,0.0,0.0,0.0,0.3244688335443929,0.0,18448000,0.3244688335443929,6908000.0,11540000,0.20296890389756578,0.427273,0.427273,26634369,26645775,https://www.sec.gov/Archives/edgar/data/34782/000110465911056969/0001104659-11-056969-index.htm,https://www.sec.gov/Archives/edgar/data/34782/000110465911056969/a11-24667_110q.htm
0,2011-06-30,SRCE,2011-07-21,2011-07-21 16:11:01,Q2,59008000,0.0,0.0,0.0,0.0,23773000,864000.0,0.0,0.0,0.0,10289000,4795000.0,0.0,0.0,0.0,0.38974376355748375,0.0,22998000,0.38974376355748375,8133000.0,14865000,0.2519149945770065,0.554545,0.554545,26679767,26689955,https://www.sec.gov/Archives/edgar/data/34782/000110465911040148/0001104659-11-040148-index.htm,https://www.sec.gov/Archives/edgar/data/34782/000110465911040148/a11-13721_110q.htm
0,2011-03-31,SRCE,2011-04-21,2011-04-21 16:16:03,Q1,55813000,0.0,0.0,0.0,0.0,23654000,622000.0,0.0,0.0,0.0,10350000,4805000.0,0.0,0.0,0.0,0.2712450504362783,0.0,15139000,0.2712450504362783,4531000.0,10608000,0.19006324691380144,0.390909,0.390909,26698502,26707468,https://www.sec.gov/Archives/edgar/data/34782/000003478211000020/0000034782-11-000020-index.htm,https://www.sec.gov/Archives/edgar/data/34782/000003478211000008/form10_k.htm
0,2010-12-31,SRCE,2011-02-17,2011-02-17 17:16:55,Q4,61578000,0.0,0.0,0.0,0.0,23964000,1482000.0,0.0,0.0,0.0,11761000,4874000.0,0.0,0.0,0.0,0.2955438630679788,0.0,18199000,0.2955438630679788,5632000.0,12567000,0.2040826269122089,0.0,0.0,0.0,0.0,https://www.sec.gov/Archives/edgar/data/34782/000003478211000008/0000034782-11-000008-index.htm,https://www.sec.gov/Archives/edgar/data/34782/000003478211000008/form10_k.htm
0,2010-09-30,SRCE,2010-10-21,2010-10-21 17:13:02,Q3,59935000,0.0,0.0,0.0,0.0,24081000,845000.0,0.0,0.0,0.0,13057000,5173000.0,0.0,0.0,0.0,0.2760824226245099,0.0,16547000,0.2760824226245099,5344000.0,11203000,0.18691916242596146,0.354545,0.354545,26671959,26679271,https://www.sec.gov/Archives/edgar/data/34782/000003478210000042/0000034782-10-000042-index.htm,https://www.sec.gov/Archives/edgar/data/34782/000003478210000042/form10_q.htm
0,2010-06-30,SRCE,2010-07-22,2010-07-22 16:17:22,Q2,56851000,0.0,0.0,0.0,0.0,26000000,880000.0,0.0,0.0,0.0,13801000,5304000.0,0.0,0.0,0.0,0.20059453659566234,0.0,11404000,0.20059453659566234,3609000.0,7795000.0,0.13711280364461487,0.227273,0.227273,26712970,26721740,https://www.sec.gov/Archives/edgar/data/34782/000003478210000027/0000034782-10-000027-index.htm,https://www.sec.gov/Archives/edgar/data/34782/000003478210000027/form_10q.htm
0,2010-03-31,SRCE,2010-04-22,2010-04-22 16:04:04,Q1,55824000,0.0,0.0,0.0,0.0,23526000,567000.0,0.0,0.0,0.0,14510000,5364000.0,0.0,0.0,0.0,0.256627973631413,0.0,14326000,0.256627973631413,4647000.0,9679000.0,0.173384207509315,0.3,0.3,26631266,26637056,https://www.sec.gov/Archives/edgar/data/34782/000003478210000016/0000034782-10-000016-index.htm,https://www.sec.gov/Archives/edgar/data/34782/000003478210000007/form10_k.htm
0,2009-12-31,SRCE,2010-02-19,2010-02-19 16:41:15,Q4,55551000,0.0,0.0,0.0,0.0,27873000,0.0,0.0,0.0,0.0,15834000,5450000.0,0.0,0.0,0.0,0.1552987344962287,0.0,8627000.0,0.1552987344962287,2404000.0,6223000.0,0.1120231859012439,0.0,0.0,0.0,0.0,https://www.sec.gov/Archives/edgar/data/34782/000003478210000007/0000034782-10-000007-index.htm,https://www.sec.gov/Archives/edgar/data/34782/000003478210000007/form10_k.htm
0,2009-09-30,SRCE,2009-10-22,2009-10-22 17:08:49,Q3,52302000,0.0,0.0,0.0,0.0,21480000,0.0,0.0,0.0,0.0,17695000,5021000.0,0.0,0.0,0.0,0.17710603801001873,0.0,9263000.0,0.17710603801001873,2530000.0,6733000.0,0.1287331268402738,0.190909,0.190909,26581372,26633246,https://www.sec.gov/Archives/edgar/data/34782/000003478209000040/0000034782-09-000040-index.htm,https://www.sec.gov/Archives/edgar/data/34782/000003478209000040/form10_q.htm
0,2009-06-30,SRCE,2009-07-31,2009-07-30 17:41:22,Q2,54618000,0.0,0.0,0.0,0.0,18257000,0.0,0.0,0.0,0.0,18717000,5088000.0,0.0,0.0,0.0,0.16078948332051704,0.0,8782000.0,0.16078948332051704,2499000.0,6283000.0,0.11503533633600645,0.172727,0.172727,26603956,26649196,https://www.sec.gov/Archives/edgar/data/34782/000003478209000028/0000034782-09-000028-index.htm,https://www.sec.gov/Archives/edgar/data/34782/000003478209000028/form10_q.htm
0,2009-03-31,SRCE,2009-04-24,2009-04-24 12:55:30,Q1,51271000,0.0,0.0,0.0,0.0,21653000,0.0,0.0,0.0,0.0,19954000,4956000.0,0.0,0.0,0.0,0.09451736849291022,0.0,4846000.0,0.09451736849291022,-1405000.0,6251000.0,0.12192077392678122,0.181818,0.181818,26565220,26610771,https://www.sec.gov/Archives/edgar/data/34782/000003478209000018/0000034782-09-000018-index.htm,https://www.sec.gov/Archives/edgar/data/34782/000003478209000008/form10_k.htm
0,2008-12-31,SRCE,2009-02-20,2009-02-20 16:47:52,Q4,63571000,0.0,0.0,0.0,0.0,28500000,0.0,0.0,0.0,0.0,23198000,0.0,0.0,0.0,0.0,0.2835412373566563,0.0,18025000,0.2835412373566563,5710000.0,12315000,0.19372040710386812,0.0,0.0,0.0,0.0,https://www.sec.gov/Archives/edgar/data/34782/000003478209000008/0000034782-09-000008-index.htm,https://www.sec.gov/Archives/edgar/data/34782/000003478209000008/form10_k.htm
0,2008-09-30,SRCE,2008-10-24,2008-10-24 16:11:27,Q3,45777000,0.0,0.0,0.0,0.0,19297000,0.0,0.0,0.0,0.0,24668000,0.0,0.0,0.0,0.0,0.08495532691089412,0.0,3889000.0,0.08495532691089412,-583000.0,4472000.0,0.09769098018655657,0.172727,0.163636,26520956,26832963,https://www.sec.gov/Archives/edgar/data/34782/000003478208000054/0000034782-08-000054-index.htm,https://www.sec.gov/Archives/edgar/data/34782/000003478208000054/form10-q.htm
0,2008-06-30,SRCE,2008-07-24,2008-07-24 17:13:37,Q2,53491000,0.0,0.0,0.0,0.0,19065000,0.0,0.0,0.0,0.0,25455000,0.0,0.0,0.0,0.0,0.19822026135237703,0.0,10603000,0.19822026135237703,3358000.0,7245000.0,0.1354433456095418,0.272727,0.272727,26516320,26824839,https://www.sec.gov/Archives/edgar/data/34782/000003478208000042/0000034782-08-000042-index.htm,https://www.sec.gov/Archives/edgar/data/34782/000003478208000042/form10-q.htm
0,2008-03-31,SRCE,2008-04-24,2008-04-24 17:29:30,Q1,53324000,0.0,0.0,0.0,0.0,20634000,0.0,0.0,0.0,0.0,29827000,0.0,0.0,0.0,0.0,0.2603705648488486,0.0,13884000,0.2603705648488486,4530000.0,9354000.0,0.17541819818468232,0.354545,0.345455,26505901,26820757,https://www.sec.gov/Archives/edgar/data/34782/000003478208000031/0000034782-08-000031-index.htm,https://www.sec.gov/Archives/edgar/data/34782/000003478208000022/form10-k.htm
0,2007-12-31,SRCE,2008-02-22,2008-02-22 16:14:26,Q4,48235000,0.0,0.0,0.0,0.0,22978000,0.0,0.0,0.0,0.0,34903000,0.0,0.0,0.0,0.0,0.1732973981548668,0.0,8359000.0,0.1732973981548668,533000.0,7826000.0,0.16224733077640718,0.0,0.0,0.0,0.0,https://www.sec.gov/Archives/edgar/data/34782/000003478208000022/0000034782-08-000022-index.htm,https://www.sec.gov/Archives/edgar/data/34782/000003478208000022/form10-k.htm
0,2007-09-30,SRCE,2007-10-26,2007-10-25 18:49:22,Q3,49595000,0.0,0.0,0.0,0.0,20035000,0.0,0.0,0.0,0.0,36632000,0.0,0.0,0.0,0.0,0.17128742816816211,0.0,8495000.0,0.17128742816816211,2365000.0,6130000.0,0.1236011694727291,0.227273,0.227273,26703373,27024144,https://www.sec.gov/Archives/edgar/data/34782/000003478207000099/0000034782-07-000099-index.htm,https://www.sec.gov/Archives/edgar/data/34782/000003478207000099/form10-q.htm
0,2007-06-30,SRCE,2007-07-20,2007-07-19 21:00:27,Q2,47941000,0.0,0.0,0.0,0.0,18153000,0.0,0.0,0.0,0.0,33461000,0.0,0.0,0.0,0.0,0.25548069502096327,0.0,12248000,0.25548069502096327,4188000.0,8060000.0,0.16812331824534324,0.318182,0.309091,25440569,25765433,https://www.sec.gov/Archives/edgar/data/34782/000003478207000073/0000034782-07-000073-index.htm,https://www.sec.gov/Archives/edgar/data/34782/000003478207000073/form10-q.htm
0,2007-03-31,SRCE,2007-04-27,2007-04-27 15:44:13,Q1,43758000,0.0,0.0,0.0,0.0,17566000,0.0,0.0,0.0,0.0,29681000,0.0,0.0,0.0,0.0,0.2875131404543169,0.0,12581000,0.2875131404543169,4058000.0,8523000.0,0.19477581242287126,0.345455,0.336364,24755278,25077312,https://www.sec.gov/Archives/edgar/data/34782/000003478207000041/0000034782-07-000041-index.htm,https://www.sec.gov/Archives/edgar/data/34782/000003478207000024/form10-k.htm
0,2006-12-31,SRCE,2007-02-23,2007-02-23 16:32:47,Q4,44428000,0.0,0.0,0.0,0.0,16785000,0.0,0.0,0.0,0.0,30700000,0.0,0.0,0.0,0.0,0.26854686233906544,0.0,11931000,0.26854686233906544,3808000.0,8123000.0,0.1828351490051319,0.0,0.0,0.0,0.0,https://www.sec.gov/Archives/edgar/data/34782/000003478207000024/0000034782-07-000024-index.htm,https://www.sec.gov/Archives/edgar/data/34782/000003478207000024/form10-k.htm
0,2006-09-30,SRCE,,,Q3,48274000,0.0,0.0,0.0,0.0,17433000,0.0,0.0,0.0,0.0,26928000,0.0,0.0,0.0,0.0,0.3545801052326304,0.0,17117000,0.3545801052326304,6153000.0,10964000,0.22712018892157268,0.445455,0.436364,24747723,25092400,,
0,2006-06-30,SRCE,,,Q2,46212000,0.0,0.0,0.0,0.0,16873000,0.0,0.0,0.0,0.0,23636000,0.0,0.0,0.0,0.0,0.3353457976283217,0.0,15497000,0.3353457976283217,5220000.0,10277000,0.22238812429671947,0.380165,0.371901,27232108,27601216,,
0,2006-03-31,SRCE,,,Q1,44104000,0.0,0.0,0.0,0.0,15514000,0.0,0.0,0.0,0.0,21297000,0.0,0.0,0.0,0.0,0.3400598585162344,0.0,14998000,0.3400598585162344,5065000.0,9933000.0,0.2252176673317613,0.396694,0.396694,24912343,25255937,,
0,2005-12-31,SRCE,,,Q4,42897000,0.0,0.0,0.0,0.0,16470000,0.0,0.0,0.0,0.0,19913000,0.0,0.0,0.0,0.0,0.29745669860363194,0.0,12760000,0.29745669860363194,3661000.0,9099000.0,0.21211273515630463,0.0,0.0,0.0,0.0,,
0,2005-09-30,SRCE,,,Q3,43165000,0.0,0.0,0.0,0.0,17663000,0.0,0.0,0.0,0.0,18358000,0.0,0.0,0.0,0.0,0.328645893663848,0.0,14186000,0.328645893663848,4705000.0,9481000.0,0.2196455461600834,0.380165,0.371901,25010796,25344553,,
0,2005-06-30,SRCE,,,Q2,39600000,0.0,0.0,0.0,0.0,17090000,0.0,0.0,0.0,0.0,16641000,0.0,0.0,0.0,0.0,0.3127525252525252,0.0,12385000,0.3127525252525252,4158000.0,8227000.0,0.20775252525252524,0.322314,0.322314,25029763,25352022,,
0,2005-03-31,SRCE,,,Q1,41299000,0.0,0.0,0.0,0.0,18544000,0.0,0.0,0.0,0.0,15192000,0.0,0.0,0.0,0.0,0.2432504418993196,0.0,10046000,0.2432504418993196,3102000.0,6944000.0,0.16813966439865372,0.280992,0.272727,25070711,25460592,,
0,2004-12-31,SRCE,,,Q4,41456000,0.0,0.0,0.0,0.0,14841000,0.0,0.0,0.0,0.0,15409000,0.0,0.0,0.0,0.0,0.2802248166730992,0.0,11617000,0.2802248166730992,3757000.0,7860000.0,0.18959861057506755,0.0,0.0,0.0,0.0,,
0,2004-09-30,SRCE,,,Q3,34629000,0.0,0.0,0.0,0.0,16622000,0.0,0.0,0.0,0.0,12997000,0.0,0.0,0.0,0.0,0.05827485633428629,0.0,2018000.0,0.05827485633428629,-1290000.0,3308000.0,0.09552687054203124,0.132231,0.132231,25026075,25353615,,
0,2004-06-30,SRCE,,,Q2,45555000,0.0,0.0,0.0,0.0,15866000,0.0,0.0,0.0,0.0,11980000,0.0,0.0,0.0,0.0,0.2881791241356602,0.0,13128000,0.2881791241356602,4410000.0,8718000.0,0.19137306552518935,0.347107,0.347107,25047624,25373299,,
0,2004-03-31,SRCE,,,Q1,39781000,0.0,0.0,0.0,0.0,15754000,0.0,0.0,0.0,0.0,12363000,0.0,0.0,0.0,0.0,0.18445991805133105,0.0,7338000.0,0.18445991805133105,2259000.0,5079000.0,0.12767401523340288,0.206612,0.198347,25079712,25453460,,
0,2003-12-31,SRCE,,,Q4,44797000,0.0,0.0,0.0,0.0,16725000,0.0,0.0,0.0,0.0,12637000,0.0,0.0,0.0,0.0,0.17505636538161037,0.0,7842000.0,0.17505636538161037,2481000.0,5361000.0,0.11967319240127687,0.0,0.0,0.0,0.0,,
0,2003-09-30,SRCE,,,Q3,43398000,0.0,0.0,0.0,0.0,17195000,0.0,0.0,0.0,0.0,14447000,0.0,0.0,0.0,0.0,0.1524494216323333,0.0,6616000.0,0.1524494216323333,1973000.0,4643000.0,0.10698649707359786,0.190083,0.181818,25503074,25937217,,
0,2003-06-30,SRCE,,,Q2,48658000,0.0,0.0,0.0,0.0,18290000,0.0,0.0,0.0,0.0,15813000,0.0,0.0,0.0,0.0,0.13321550413087263,0.0,6482000.0,0.13321550413087263,1792000.0,4690000.0,0.09638702782687328,0.181818,0.181818,25497054,25903467,,
0,2003-03-31,SRCE,,,Q1,46595000,0.0,0.0,0.0,0.0,17247000,0.0,0.0,0.0,0.0,16173000,0.0,0.0,0.0,0.0,0.13398433308294883,0.0,6243000.0,0.13398433308294883,1783000.0,4460000.0,0.0957184247236828,0.173554,0.173554,25410383,25811016,,
0,2002-12-31,SRCE,,,Q4,44469000,0.0,0.0,0.0,0.0,15687000,0.0,0.0,0.0,0.0,21031000,0.0,0.0,0.0,0.0,-0.013919809305358789,0.0,-619000.0,-0.013919809305358789,-1582000.0,963000.0,0.0216555353167375,0.0,0.0,0.0,0.0,,
0,2002-09-30,SRCE,2002-11-12 00:00:00,2002-11-12 15:31:35,Q3,46525000,0.0,0.0,0.0,0.0,17106000,314000.0,0.0,0.0,0.0,18928000,0.0,0.0,0.0,0.0,0.05960236432025793,0.0,2773000.0,0.05960236432025793,672000.0,2101000.0,0.04515851692638367,0.082645,0.082645,25366085,25829842,https://www.sec.gov/Archives/edgar/data/34782/000003478202000024/0000034782-02-000024-index.html,https://www.sec.gov/Archives/edgar/data/34782/000003478202000024/form10q-0302.txt
0,2002-06-30,SRCE,2002-08-13 00:00:00,2002-08-13 15:31:00,Q2,49926000,0.0,0.0,0.0,0.0,16417000,0.0,0.0,0.0,0.0,19651000,0.0,0.0,0.0,0.0,0.07575211312742859,0.0,3782000.0,0.07575211312742859,1015000.0,2767000.0,0.05542202459640268,0.107438,0.107438,25350403,25855813,https://www.sec.gov/Archives/edgar/data/34782/000003478202000020/0000034782-02-000020-index.html,https://www.sec.gov/Archives/edgar/data/34782/000003478202000020/form10q-0202.txt
0,2002-03-31,SRCE,2002-05-14 00:00:00,2002-05-14 09:09:00,Q1,50637000,0.0,0.0,0.0,0.0,16578000,0.0,0.0,0.0,0.0,21207000,0.0,0.0,0.0,0.0,0.10800402867468452,0.0,5469000.0,0.10800402867468452,1261000.0,4208000.0,0.08310128957086715,0.165289,0.165289,25249909,25703000,https://www.sec.gov/Archives/edgar/data/34782/000003478202000013/0000034782-02-000013-index.html,https://www.sec.gov/Archives/edgar/data/34782/000003478202000013/form10q-0102.txt
0,2001-12-31,SRCE,2002-03-12 00:00:00,2002-03-12 00:00:00,Q4,54824000,0.0,0.0,0.0,0.0,12935000,0.0,0.0,0.0,0.0,25670000,0.0,0.0,0.0,0.0,0.2580804027433241,0.0,14149000,0.2580804027433241,4915000.0,9234000.0,0.16842988472201956,0.0,0.0,0.0,0.0,https://www.sec.gov/Archives/edgar/data/34782/000115752302000132/0001157523-02-000132-index.html,https://www.sec.gov/Archives/edgar/data/34782/000115752302000132/a412862910k.txt
0,2001-09-30,SRCE,2001-11-09 00:00:00,2001-11-09 00:00:00,Q3,49888000,0.0,0.0,0.0,0.0,17001000,1078000.0,0.0,0.0,0.0,30401000,0.0,0.0,0.0,0.0,0.18651779987171263,0.0,9305000.0,0.18651779987171263,3131000.0,6174000.0,0.12375721616420783,0.247934,0.239669,25142943,25681579,https://www.sec.gov/Archives/edgar/data/34782/000003478201500026/0000034782-01-500026-index.html,https://www.sec.gov/Archives/edgar/data/34782/000003478201500026/form10q-0901.txt
0,2001-06-30,SRCE,2001-08-13 00:00:00,2001-08-13 00:00:00,Q2,49536000,0.0,0.0,0.0,0.0,16775000,1240000.0,0.0,0.0,0.0,32899000,0.0,0.0,0.0,0.0,0.29558301033591733,0.0,14642000,0.29558301033591733,5195000.0,9447000.0,0.19070978682170542,0.371901,0.363636,25152359,25650806,https://www.sec.gov/Archives/edgar/data/34782/000003478201500010/0000034782-01-500010-index.html,https://www.sec.gov/Archives/edgar/data/34782/000003478201500010/form10q-0601.txt
0,2001-03-31,SRCE,2001-05-14 00:00:00,2001-05-14 00:00:00,Q1,57374000,0.0,0.0,0.0,0.0,15904000,843000.0,0.0,0.0,0.0,34427000,0.0,0.0,0.0,0.0,0.3740544497507582,0.0,21461000,0.3740544497507582,7818000.0,13643000,0.2377906368738453,0.519481,0.51161,26327246,26807523,https://www.sec.gov/Archives/edgar/data/34782/000003478201500004/0000034782-01-500004-index.html,https://www.sec.gov/Archives/edgar/data/34782/000003478201500004/form10q-0301.txt
0,2000-12-31,SRCE,2001-03-07 00:00:00,2001-03-07 00:00:00,Q4,49222000,0.0,0.0,0.0,0.0,10480000,0.0,0.0,0.0,0.0,36168000,0.0,0.0,0.0,0.0,0.34053878347080574,0.0,16762000,0.34053878347080574,6006000.0,10756000,0.218520173905977,0.0,0.0,0.0,0.0,https://www.sec.gov/Archives/edgar/data/34782/000003478201000006/0000034782-01-000006-index.html,https://www.sec.gov/Archives/edgar/data/34782/000003478201000006/form_10k-2000.txt
0,2000-09-30,SRCE,2000-11-13 00:00:00,2000-11-13 00:00:00,Q3,42800000,0.0,0.0,0.0,0.0,14961000,885000.0,0.0,0.0,0.0,34830000,0.0,0.0,0.0,0.0,0.3316121495327103,0.0,14193000,0.3316121495327103,4967000.0,9226000.0,0.2155607476635514,0.362062,0.362062,25090518,25345950,https://www.sec.gov/Archives/edgar/data/34782/000003478200000045/0000034782-00-000045-index.html,https://www.sec.gov/Archives/edgar/data/34782/000003478200000045/form_10q-0900.txt
0,2000-06-30,SRCE,2000-08-10 00:00:00,2000-08-10 00:00:00,Q2,44546000,0.0,0.0,0.0,0.0,15127000,1086000.0,0.0,0.0,0.0,31577000,0.0,0.0,0.0,0.0,0.29448210838234634,0.0,13118000,0.29448210838234634,4212000.0,8906000.0,0.19992816414492884,0.337325,0.337325,26438565,26731817,https://www.sec.gov/Archives/edgar/data/34782/000003478200000043/0000034782-00-000043-index.html,https://www.sec.gov/Archives/edgar/data/34782/000003478200000043/0000034782-00-000043-0001.txt
0,2000-03-31,SRCE,2000-05-12 00:00:00,2000-05-12 00:00:00,Q1,42313000,0.0,0.0,0.0,0.0,14004000,743000.0,0.0,0.0,0.0,27850000,0.0,0.0,0.0,0.0,0.3197598846690142,0.0,13530000,0.3197598846690142,4845000.0,8685000.0,0.20525606787512113,0.344821,0.337325,25205831,25508827,https://www.sec.gov/Archives/edgar/data/34782/000003478200000028/0000034782-00-000028-index.html,https://www.sec.gov/Archives/edgar/data/34782/0000034782-00-000028.txt
0,1999-12-31,SRCE,,,Q4,42700000,0.0,0.0,0.0,0.0,9600000.0,0.0,0.0,0.0,0.0,26300000,0.0,0.0,0.0,0.0,0.3442622950819672,0.0,14700000,0.3442622950819672,4200000.0,10500000,0.2459016393442623,0.0,0.0,0.0,0.0,,
0,1999-09-30,SRCE,1999-11-12 00:00:00,1999-11-12 00:00:00,Q3,42900000,0.0,0.0,0.0,0.0,15100000,1300000.0,0.0,0.0,0.0,25000000,0.0,0.0,0.0,0.0,0.3333333333333333,0.0,14300000,0.3333333333333333,5200000.0,9100000.0,0.21212121212121213,0.304884,0.291911,30643745,31126643,https://www.sec.gov/Archives/edgar/data/34782/000003478299000012/0000034782-99-000012-index.html,https://www.sec.gov/Archives/edgar/data/34782/0000034782-99-000012.txt
0,1999-06-30,SRCE,1999-08-13 00:00:00,1999-08-13 00:00:00,Q2,39700000,0.0,0.0,0.0,0.0,14200000,1100000.0,0.0,0.0,0.0,25100000,0.0,0.0,0.0,0.0,0.3249370277078086,0.0,12900000,0.3249370277078086,4600000.0,8300000.0,0.20906801007556675,0.265963,0.265963,30781582,31290850,https://www.sec.gov/Archives/edgar/data/34782/000003478299000010/0000034782-99-000010-index.html,https://www.sec.gov/Archives/edgar/data/34782/0000034782-99-000010.txt
0,1999-03-31,SRCE,1999-05-13 00:00:00,1999-05-13 00:00:00,Q1,37800000,0.0,0.0,0.0,0.0,13700000,700000.0,0.0,0.0,0.0,24300000,0.0,0.0,0.0,0.0,0.3253968253968254,0.0,12300000,0.3253968253968254,4400000.0,7900000.0,0.20899470899470898,0.259476,0.252989,30626119,31156898,https://www.sec.gov/Archives/edgar/data/34782/000003478299000004/0000034782-99-000004-index.html,https://www.sec.gov/Archives/edgar/data/34782/0000034782-99-000004.txt
0,1998-12-31,SRCE,,,Q4,38600000,0.0,0.0,0.0,0.0,13200000,1200000.0,0.0,0.0,0.0,26000000,0.0,0.0,0.0,0.0,0.3393782383419689,0.0,13100000,0.3393782383419689,4500000.0,8600000.0,0.22279792746113988,0.0,0.0,0.0,0.0,,
0,1998-09-30,SRCE,1998-11-12 00:00:00,1998-11-12 00:00:00,Q3,37400000,0.0,0.0,0.0,0.0,12800000,900000.0,0.0,0.0,0.0,25900000,0.0,0.0,0.0,0.0,0.33689839572192515,0.0,12600000,0.33689839572192515,4700000.0,7900000.0,0.21122994652406418,0.22999,0.22999,33746920,34404025,https://www.sec.gov/Archives/edgar/data/34782/000003478298000008/0000034782-98-000008-index.html,https://www.sec.gov/Archives/edgar/data/34782/0000034782-98-000008.txt
0,1998-06-30,SRCE,1998-08-13 00:00:00,1998-08-13 00:00:00,Q2,35400000,0.0,0.0,0.0,0.0,12600000,900000.0,0.0,0.0,0.0,25700000,0.0,0.0,0.0,0.0,0.327683615819209,0.0,11600000,0.327683615819209,4300000.0,7300000.0,0.2062146892655367,0.218195,0.212298,33924885,34604973,https://www.sec.gov/Archives/edgar/data/34782/000003478298000005/0000034782-98-000005-index.html,https://www.sec.gov/Archives/edgar/data/34782/0000034782-98-000005.txt
0,1998-03-31,SRCE,1998-05-14 00:00:00,1998-05-14 00:00:00,Q1,33900000,0.0,0.0,0.0,0.0,12300000,600000.0,0.0,0.0,0.0,24700000,0.0,0.0,0.0,0.0,0.3274336283185841,0.0,11100000,0.3274336283185841,3900000.0,7200000.0,0.21238938053097345,0.206401,0.200504,33989242,34705816,https://www.sec.gov/Archives/edgar/data/34782/000003478298000003/0000034782-98-000003-index.html,https://www.sec.gov/Archives/edgar/data/34782/0000034782-98-000003.txt
0,1997-12-31,SRCE,,,Q4,35100000,0.0,0.0,0.0,0.0,11900000,0.0,0.0,0.0,0.0,24000000,0.0,0.0,0.0,0.0,0.32763532763532766,0.0,11500000,0.32763532763532766,4100000.0,7400000.0,0.21082621082621084,0.0,0.0,0.0,0.0,,
0,1997-09-30,SRCE,1997-11-13 00:00:00,1997-11-13 00:00:00,Q3,31100000,0.0,0.0,0.0,0.0,10100000,0.0,0.0,0.0,0.0,22800000,0.0,0.0,0.0,0.0,0.33440514469453375,0.0,10400000,0.33440514469453375,3800000.0,6600000.0,0.21221864951768488,0.171554,0.171554,38347645,38347645,https://www.sec.gov/Archives/edgar/data/34782/000003478297000012/0000034782-97-000012-index.html,https://www.sec.gov/Archives/edgar/data/34782/0000034782-97-000012.txt
0,1997-06-30,SRCE,1997-08-14 00:00:00,1997-08-14 00:00:00,Q2,28700000,0.0,0.0,0.0,0.0,10100000,0.0,0.0,0.0,0.0,21100000,0.0,0.0,0.0,0.0,0.3344947735191638,0.0,9600000.0,0.3344947735191638,3200000.0,6400000.0,0.2229965156794425,0.166193,0.166193,38323944,38323944,https://www.sec.gov/Archives/edgar/data/34782/000003478297000009/0000034782-97-000009-index.html,https://www.sec.gov/Archives/edgar/data/34782/0000034782-97-000009.txt
0,1997-03-31,SRCE,1997-05-15 00:00:00,1997-05-15 00:00:00,Q1,26900000,0.0,0.0,0.0,0.0,9700000.0,0.0,0.0,0.0,0.0,19500000,0.0,0.0,0.0,0.0,0.34572490706319703,0.0,9300000.0,0.34572490706319703,3200000.0,6100000.0,0.22676579925650558,0.160832,0.160832,38172232,38172232,https://www.sec.gov/Archives/edgar/data/34782/000003478297000007/0000034782-97-000007-index.html,https://www.sec.gov/Archives/edgar/data/34782/0000034782-97-000007.txt
0,1996-12-31,SRCE,,,Q4,26400000,0.0,0.0,0.0,0.0,9100000.0,0.0,0.0,0.0,0.0,19100000,0.0,0.0,0.0,0.0,0.3484848484848485,0.0,9200000.0,0.3484848484848485,3200000.0,6000000.0,0.22727272727272727,0.0,0.0,0.0,0.0,,
0,1996-09-30,SRCE,1996-11-15 00:00:00,1996-11-15 00:00:00,Q3,26600000,0.0,0.0,0.0,0.0,9400000.0,0.0,0.0,0.0,0.0,18800000,0.0,0.0,0.0,0.0,0.34962406015037595,0.0,9300000.0,0.34962406015037595,3300000.0,6000000.0,0.22556390977443608,0.128665,0.128665,47346777,47346777,https://www.sec.gov/Archives/edgar/data/34782/000003478296000019/0000034782-96-000019-index.html,https://www.sec.gov/Archives/edgar/data/34782/0000034782-96-000019.txt
0,1996-06-30,SRCE,1996-08-15 00:00:00,1996-08-15 00:00:00,Q2,24700000,0.0,0.0,0.0,0.0,8900000.0,0.0,0.0,0.0,0.0,18100000,0.0,0.0,0.0,0.0,0.3603238866396761,0.0,8900000.0,0.3603238866396761,3100000.0,5800000.0,0.23481781376518218,0.124377,0.124377,47458237,47458237,https://www.sec.gov/Archives/edgar/data/34782/000003478296000014/0000034782-96-000014-index.html,https://www.sec.gov/Archives/edgar/data/34782/0000034782-96-000014.txt
0,1996-03-31,SRCE,1996-05-15 00:00:00,1996-05-15 00:00:00,Q1,23200000,0.0,0.0,0.0,0.0,8700000.0,0.0,0.0,0.0,0.0,17400000,0.0,0.0,0.0,0.0,0.35344827586206895,0.0,8200000.0,0.35344827586206895,2800000.0,5400000.0,0.23275862068965517,0.115799,0.115799,47341059,47341059,https://www.sec.gov/Archives/edgar/data/34782/000003478296000012/0000034782-96-000012-index.html,https://www.sec.gov/Archives/edgar/data/34782/0000034782-96-000012.txt
0,1995-12-31,SRCE,1996-03-29 00:00:00,1996-03-29 00:00:00,Q4,23200000,0.0,0.0,0.0,0.0,7800000.0,0.0,0.0,0.0,0.0,17300000,0.0,0.0,0.0,0.0,0.3706896551724138,0.0,8600000.0,0.3706896551724138,3000000.0,5600000.0,0.2413793103448276,0.0,0.0,0.0,0.0,https://www.sec.gov/Archives/edgar/data/34782/000003478296000010/0000034782-96-000010-index.html,https://www.sec.gov/Archives/edgar/data/34782/0000034782-96-000010.txt
0,1995-09-30,SRCE,1995-11-15 00:00:00,1995-11-15 00:00:00,Q3,22800000,0.0,0.0,0.0,0.0,8500000.0,0.0,0.0,0.0,0.0,17000000,0.0,0.0,0.0,0.0,0.36403508771929827,0.0,8300000.0,0.36403508771929827,2900000.0,5400000.0,0.23684210526315788,0.110285,0.110285,50054288,50054288,https://www.sec.gov/Archives/edgar/data/34782/000003478295000011/0000034782-95-000011-index.html,https://www.sec.gov/Archives/edgar/data/34782/0000034782-95-000011.txt
0,1995-06-30,SRCE,1995-08-14 00:00:00,1995-08-14 00:00:00,Q2,22000000,0.0,0.0,0.0,0.0,8200000.0,0.0,0.0,0.0,0.0,16300000,0.0,0.0,0.0,0.0,0.34545454545454546,0.0,7600000.0,0.34545454545454546,2500000.0,5100000.0,0.2318181818181818,0.065354,0.065354,112271848,112271848,https://www.sec.gov/Archives/edgar/data/34782/000003478295000009/0000034782-95-000009-index.html,https://www.sec.gov/Archives/edgar/data/34782/0000034782-95-000009.txt
