,date,symbol,fillingDate,acceptedDate,period,revenue,costOfRevenue,grossProfit,grossProfitRatio,researchAndDevelopmentExpenses,generalAndAdministrativeExpenses,sellingAndMarketingExpenses,otherExpenses,operatingExpenses,costAndExpenses,interestExpense,depreciationAndAmortization,ebitda,ebitdaratio,operatingIncome,operatingIncomeRatio,totalOtherIncomeExpensesNet,incomeBeforeTax,incomeBeforeTaxRatio,incomeTaxExpense,netIncome,netIncomeRatio,eps,epsdiluted,weightedAverageShsOut,weightedAverageShsOutDil,link,finalLink
0,2020-03-31,WAFDW,2020-05-07,2020-05-07 14:13:52,Q2,6099000.0,0.0,6099000.0,1.0,0.0,38617000,0.0,24061000,38617000,38617000,42006000,-14811000,33440000,5.48286604361,48251000,7.91129693392,44187000,48251000,7.91129693392,10301000,37950000,6.22233152976,0.48794,0.48794,77737977,77776304,https://www.sec.gov/Archives/edgar/data/936528/000093652820000019/0000936528-20-000019-index.htm,https://www.sec.gov/Archives/edgar/data/936528/000093652820000019/wfsl-20200331.htm
0,2019-12-31,WAFDW,2020-01-31,2020-01-31 13:03:52,Q1,6260000.0,0.0,6260000.0,1.0,0.0,36631000,0.0,12026000,36631000,36631000,45139000,15275000,98814000,15.7849840256,83539000,13.3448881789,38312000,83539000,13.3448881789,17836000,65703000,10.495686901,0.8366,0.8366,78480264,78535299,https://www.sec.gov/Archives/edgar/data/936528/000093652820000011/0000936528-20-000011-index.htm,https://www.sec.gov/Archives/edgar/data/936528/000093652820000011/wfsl-20191231.htm
0,2019-09-30,WAFDW,2019-11-20,2019-11-20 08:39:54,Q4,120172000,0.0,120172000,1.0,0.0,32634000,0.0,0.0,32634000,32634000,49264000,10452000,115333000,0.95973271644,104881000,0.872757381087,-448000.0,65332000,0.543654095796,12970000,52362000,0.435725460174,0.6505,0.6505,80471316,80495163,https://www.sec.gov/Archives/edgar/data/936528/000093652819000052/0000936528-19-000052-index.htm,https://www.sec.gov/Archives/edgar/data/936528/000093652819000052/wafd930201910k.htm
0,2019-06-30,WAFDW,2019-07-25,2019-07-25 15:27:54,Q3,121666000,0.0,121666000,1.0,0.0,34297000,0.0,34194000,34297000,34297000,50160000,5682000.0,31296000,0.257228806733,25614000,0.210527180971,24512000,65163000,0.535589236105,11309000,53854000,0.442638041852,0.66534,0.66534,80915162,80941617,https://www.sec.gov/Archives/edgar/data/936528/000093652819000042/0000936528-19-000042-index.htm,https://www.sec.gov/Archives/edgar/data/936528/000093652819000042/wafd630201910-q.htm
0,2019-03-31,WAFDW,2019-05-01,2019-05-01 12:31:37,Q2,120070000,0.0,120070000,1.0,0.0,32774000,0.0,23683000,32774000,32774000,47512000,7536000.0,72507000,0.603872740901,64971000,0.541109352877,18062000,64971000,0.541109352877,13873000,51098000,0.425568418423,0.62762,0.62762,81384456,81415697,https://www.sec.gov/Archives/edgar/data/936528/000093652819000025/0000936528-19-000025-index.htm,https://www.sec.gov/Archives/edgar/data/936528/000093652819000025/wafd331201910-q.htm
0,2018-12-31,WAFDW,2019-01-25,2019-01-25 16:38:26,Q1,119152000,0.0,119152000,1.0,0.0,33883000,0.0,12598000,33883000,33883000,43470000,7388000.0,74697000,0.626905129582,67309000,0.564900295421,11805000,67309000,0.564900295421,14367000,52942000,0.444323217403,0.64696,0.64696,81791852,81831478,https://www.sec.gov/Archives/edgar/data/936528/000093652819000016/0000936528-19-000016-index.htm,https://www.sec.gov/Archives/edgar/data/936528/000093652819000016/wafd1231201810-q.htm
0,2018-09-30,WAFDW,2018-11-20,2018-11-19 20:19:32,Q4,119251000,0.0,119251000,1.0,0.0,31087000,0.0,0.0,31087000,31087000,37901000,7755000.0,75096000,0.629730568297,67341000,0.564699667089,-439000.0,67341000,0.564699667089,15826000,51515000,0.431987991715,0.60528,0.60528,85008040,85109843,https://www.sec.gov/Archives/edgar/data/936528/000093652818000072/0000936528-18-000072-index.htm,https://www.sec.gov/Archives/edgar/data/936528/000093652818000072/wafd930201810k.htm
0,2018-06-30,WAFDW,2018-07-27,2018-07-26 19:29:07,Q3,119852000,0.0,119852000,1.0,0.0,31223000,0.0,28032000,31223000,31223000,35220000,12224000,76718000,0.640106130895,64494000,0.538113673531,17974000,64494000,0.538113673531,13100000,51394000,0.428812201715,0.5997,0.5997,85589588,85698888,https://www.sec.gov/Archives/edgar/data/936528/000093652818000055/0000936528-18-000055-index.htm,https://www.sec.gov/Archives/edgar/data/936528/000093652818000055/wafd630201810-q.htm
0,2018-03-31,WAFDW,2018-05-02,2018-05-01 18:43:05,Q2,117301000,0.0,117301000,1.0,0.0,31625000,0.0,18797000,31625000,31625000,31778000,11483000,76256000,0.650088234542,64773000,0.552194780948,13028000,64773000,0.552194780948,15502000,49271000,0.42003904485,0.57012,0.57012,86299885,86422077,https://www.sec.gov/Archives/edgar/data/936528/000093652818000041/0000936528-18-000041-index.htm,https://www.sec.gov/Archives/edgar/data/936528/000093652818000041/wafd331201810-q.htm
0,2017-12-31,WAFDW,2018-01-26,2018-01-25 18:01:17,Q1,115735000,0.0,115735000,1.0,0.0,29619000,0.0,8946000.0,29619000,29619000,30045000,15273000,75908000,0.655877651532,60635000,0.523912386054,7624000.0,60635000,0.523912386054,8965000.0,51670000,0.446450943967,0.59335,0.59335,86938095,87082499,https://www.sec.gov/Archives/edgar/data/936528/000093652818000017/0000936528-18-000017-index.htm,https://www.sec.gov/Archives/edgar/data/936528/000093652818000017/wafd1231201710-q.htm
0,2017-09-30,WAFDW,2017-11-21,2017-11-20 19:30:43,Q4,112432000,0.0,112432000,1.0,0.0,27483000,0.0,0.0,27483000,27483000,29808000,12078000,79047000,0.703064963711,66969000,0.595640031308,-435000.0,66969000,0.595640031308,20865000,46104000,0.410061192543,0.51672,0.51672,88905457,89224207,https://www.sec.gov/Archives/edgar/data/936528/000093652817000077/0000936528-17-000077-index.htm,https://www.sec.gov/Archives/edgar/data/936528/000093652817000077/wafd930201710k.htm
0,2017-06-30,WAFDW,2017-07-28,2017-07-27 17:34:08,Q3,108615000,0.0,108615000,1.0,0.0,28947000,0.0,19285000,28947000,28947000,29101000,10832000,76183000,0.701404041799,65351000,0.601675643327,15873000,65351000,0.601675643327,21239000,44112000,0.406131749758,0.49203,0.49203,89297471,89653955,https://www.sec.gov/Archives/edgar/data/936528/000093652817000055/0000936528-17-000055-index.htm,https://www.sec.gov/Archives/edgar/data/936528/000093652817000055/wafd0630201710-q.htm
0,2017-03-31,WAFDW,2017-05-03,2017-05-02 19:26:39,Q2,107727000,0.0,107727000,1.0,0.0,28833000,0.0,12704000,28833000,28833000,28471000,6683000.0,69474000,0.644907961792,62791000,0.582871517818,8554000.0,62791000,0.582871517818,20721000,42070000,0.39052419542,0.46884,0.46884,89346294,89732042,https://www.sec.gov/Archives/edgar/data/936528/000093652817000021/0000936528-17-000021-index.htm,https://www.sec.gov/Archives/edgar/data/936528/000093652817000021/wafd0331201710-q.htm
0,2016-12-31,WAFDW,2017-01-27,2017-01-27 16:18:54,Q1,103152000,0.0,103152000,1.0,0.0,26994000,0.0,6246000.0,26994000,26994000,29612000,12087000,73192000,0.709554831705,61105000,0.59237823794,4409000.0,61105000,0.59237823794,19859000,41246000,0.399856522414,0.45966,0.45966,89310958,89731024,https://www.sec.gov/Archives/edgar/data/936528/000093652817000013/0000936528-17-000013-index.htm,https://www.sec.gov/Archives/edgar/data/936528/000093652817000013/wafd1231201610-q.htm
0,2016-09-30,WAFDW,2016-11-21,2016-11-21 17:22:13,Q4,102815000,0.0,102815000,1.0,0.0,26667000,0.0,0.0,26667000,26667000,30056000,-2589000.0,62750000,0.610319505909,65339000,0.635500656519,-435000.0,65339000,0.635500656519,21115000,44224000,0.430131790108,0.48115,0.48115,91399038,91912918,https://www.sec.gov/Archives/edgar/data/936528/000093652816000090/0000936528-16-000090-index.htm,https://www.sec.gov/Archives/edgar/data/936528/000093652816000090/wafd930201610k.htm
0,2016-06-30,WAFDW,2016-07-28,2016-07-28 17:06:57,Q3,104240000,0.0,104240000,1.0,0.0,27334000,0.0,22034000,27334000,27334000,29495000,14495000,79653000,0.76413085188,65158000,0.625076745971,11502000,65158000,0.625076745971,22154000,43004000,0.412547966232,0.46544,0.46544,91901632,92393644,https://www.sec.gov/Archives/edgar/data/936528/000093652816000075/0000936528-16-000075-index.htm,https://www.sec.gov/Archives/edgar/data/936528/000093652816000075/wafd630201610-q.htm
0,2016-03-31,WAFDW,2016-05-03,2016-05-03 12:38:18,Q2,106325000,0.0,106325000,1.0,0.0,29184000,0.0,15937000,29184000,29184000,28738000,8148000.0,71370000,0.671243827886,63222000,0.59461086292,7414000.0,63222000,0.59461086292,21499000,41723000,0.392410063485,0.44931,0.44931,92385367,92860052,https://www.sec.gov/Archives/edgar/data/936528/000093652816000057/0000936528-16-000057-index.htm,https://www.sec.gov/Archives/edgar/data/936528/000093652816000057/wafd331201610-q.htm
0,2015-12-31,WAFDW,2016-02-08,2016-02-05 19:18:50,Q1,106869000,0.0,106869000,1.0,0.0,29699000,0.0,3201000.0,29699000,29699000,28255000,2934000.0,57349000,0.536628956947,54415000,0.509174784081,3201000.0,54415000,0.509174784081,19317000,35098000,0.328420776839,0.37507,0.37507,92986358,93577837,https://www.sec.gov/Archives/edgar/data/936528/000093652816000050/0000936528-16-000050-index.htm,https://www.sec.gov/Archives/edgar/data/936528/000093652816000050/wafd1231201510-q.htm
0,2015-09-30,WAFDW,2015-12-03,2015-12-03 11:17:50,Q4,106853000,0.0,106853000,1.0,0.0,30486000,0.0,0.0,30486000,30486000,28486000,2142000.0,68287000,0.639074242183,66145000,0.619028010444,-439000.0,66145000,0.619028010444,23647000,42498000,0.39772397593,0.44244,0.44244,95644639,96053959,https://www.sec.gov/Archives/edgar/data/936528/000093652815000039/0000936528-15-000039-index.htm,https://www.sec.gov/Archives/edgar/data/936528/000093652815000039/wafd930201510k.htm
0,2015-06-30,WAFDW,2015-08-07,2015-08-07 17:02:17,Q3,100564000,0.0,100564000,1.0,0.0,29824000,0.0,18975000,29824000,29824000,28736000,8509000.0,69287000,0.68898412951,60778000,0.604371345611,6380000.0,60778000,0.604371345611,21728000,39050000,0.388309931984,0.40372,0.40372,96335777,96726085,https://www.sec.gov/Archives/edgar/data/936528/000093652815000025/0000936528-15-000025-index.htm,https://www.sec.gov/Archives/edgar/data/936528/000093652815000025/wafd630201510-q.htm
0,2015-03-31,WAFDW,2015-05-08,2015-05-08 15:46:02,Q2,103881000,0.0,103881000,1.0,0.0,30469000,0.0,12909000,24842000,24842000,28749000,5267000.0,68085000,0.655413405724,62818000,0.604711159885,726000.0,62818000,0.604711159885,22457000,40361000,0.38853110771,0.41339,0.41339,97270403,97635201,https://www.sec.gov/Archives/edgar/data/936528/000093652815000017/0000936528-15-000017-index.htm,https://www.sec.gov/Archives/edgar/data/936528/000093652815000017/wafd331201510-q.htm
0,2014-12-31,WAFDW,2015-02-10,2015-02-10 17:28:47,Q1,102183000,0.0,102183000,1.0,0.0,29160000,0.0,5974000.0,34787000,34787000,31101000,5299000.0,65077000,0.636867189258,59778000,0.585009248114,-2662000.0,59778000,0.585009248114,21371000,38407000,0.37586486989,0.38982,0.38982,98147939,98524839,https://www.sec.gov/Archives/edgar/data/936528/000093652815000009/0000936528-15-000009-index.htm,https://www.sec.gov/Archives/edgar/data/936528/000093652815000009/wafd1231201410-q.htm
0,2014-09-30,WAFDW,2014-11-26,2014-11-25 20:57:47,Q4,103394000,0.0,103394000,1.0,0.0,27822000,0.0,0.0,25221000,25221000,31683000,8880000.0,137005000,1.32507689034,128125000,1.23919182931,-485000.0,63129000,0.610567344333,22568000,40561000,0.392295491034,0.39926,0.39926,101154030,101590351,https://www.sec.gov/Archives/edgar/data/936528/000093652814000037/0000936528-14-000037-index.htm,https://www.sec.gov/Archives/edgar/data/936528/000093652814000037/wafd930201410k.htm
0,2014-06-30,WAFDW,2014-08-11,2014-08-11 15:41:03,Q3,103279000,0.0,103279000,1.0,0.0,28946000,0.0,0.0,29998000,29998000,31732000,2474000.0,40384000,0.391018503278,37910000,0.367063972347,20562000,59003000,0.571297165929,21093000,37910000,0.367063972347,0.37081,0.37081,101777112,102234350,https://www.sec.gov/Archives/edgar/data/936528/000093652814000033/0000936528-14-000033-index.htm,https://www.sec.gov/Archives/edgar/data/936528/000093652814000033/wafd630201410-q.htm
0,2014-03-31,WAFDW,2014-05-09,2014-05-08 17:42:08,Q2,100635000,0.0,100635000,1.0,0.0,27836000,0.0,0.0,28565000,28565000,31716000,2236000.0,40893000,0.406349679535,38657000,0.384130769613,12490000,60167000,0.597873503254,21510000,38657000,0.384130769613,0.37658,0.37658,102173829,102652984,https://www.sec.gov/Archives/edgar/data/936528/000093652814000028/0000936528-14-000028-index.htm,https://www.sec.gov/Archives/edgar/data/936528/000093652814000028/wafd331201410-q.htm
0,2013-12-31,WAFDW,2014-02-07,2014-02-07 16:14:49,Q1,98312000,0.0,98312000,1.0,0.0,25126000,0.0,0.0,25946000,25946000,32946000,3757000.0,43993000,0.447483521849,40236000,0.409268451461,5788000.0,62629000,0.0,22393000,40236000,0.409268451461,0.39135,0.39135,102329578,102813154,https://www.sec.gov/Archives/edgar/data/936528/000093652814000016/0000936528-14-000016-index.htm,https://www.sec.gov/Archives/edgar/data/936528/000093652814000016/wafd1231201310-q.htm
0,2013-09-30,WAFDW,2013-11-26,2013-11-26 17:04:56,Q4,233119000,0.0,233119000,1.0,0.0,22084000,0.0,0.0,23870000,23870000,33342000,5267000.0,48174000,0.206649822623,42907000,0.184056211634,-530000.0,-16102000,-0.0690720190117,24293000,42907000,0.184056211634,0.40927,0.40927,104684812,104837470,https://www.sec.gov/Archives/edgar/data/936528/000093652813000028/0000936528-13-000028-index.htm,https://www.sec.gov/Archives/edgar/data/936528/000093652813000028/wafd930201310k.htm
0,2013-06-30,WAFDW,2013-08-08,2013-08-08 15:42:43,Q3,94715000,0.0,94715000,1.0,0.0,24582000,0.0,0.0,24582000,24582000,33461000,3419000.0,2941000.0,0.0310510478805,167416000,-0.00504671910468,0.0,58340000,0.615953122525,21002000,37338000,0.394214221612,0.35503,0.35503,105119097,105167959,https://www.sec.gov/Archives/edgar/data/936528/000093652813000019/0000936528-13-000019-index.htm,https://www.sec.gov/Archives/edgar/data/936528/000093652813000019/wafd0630201310-q.htm
0,2013-03-31,WAFDW,2013-05-08,2013-05-07 18:04:29,Q2,93023000,0.0,93023000,1.0,0.0,23077000,0.0,0.0,23077000,23077000,33481000,4252000.0,58154000,0.625157219182,53902000,0.579448093482,0.0,53902000,0.579448093482,17924000,35978000,0.386764563603,0.34052,0.34052,105606688,105655770,https://www.sec.gov/Archives/edgar/data/936528/000093652813000012/0000936528-13-000012-index.htm,https://www.sec.gov/Archives/edgar/data/936528/000093652813000012/wafd0331201310-q.htm
0,2012-12-31,WAFDW,2013-02-05,2013-02-04 18:02:12,Q1,95434000,0.0,95434000,1.0,0.0,21072000,0.0,0.0,21072000,21072000,35875000,2836000.0,58010000,0.607854642999,55174000,0.578137770606,0.0,55174000,0.578137770606,19892000,35282000,0.369700526018,0.33271,0.33271,105998184,106043914,https://www.sec.gov/Archives/edgar/data/936528/000093652813000006/0000936528-13-000006-index.htm,https://www.sec.gov/Archives/edgar/data/936528/000093652813000006/wafd1231201210-q.htm
0,2012-09-30,WAFDW,2012-11-21,2012-11-21 12:46:35,Q4,285420000,0.0,285420000,1.0,0.0,19487000,0.0,0.0,20996000,20996000,42209000,-7389000.0,48129000,0.168625183939,55518000,0.194513348749,564000.0,55518000,0.194513348749,19986000,35532000,0.124490224932,0.33161,0.33161,107108703,107149240,https://www.sec.gov/Archives/edgar/data/936528/000093652812000053/0000936528-12-000053-index.htm,https://www.sec.gov/Archives/edgar/data/936528/000093652812000053/wafd930201210k.htm
0,2012-06-30,WAFDW,2012-08-07,2012-08-07 17:07:13,Q3,-5656000.0,0.0,5656000.0,-1.0,0.0,19281000,0.0,0.0,19281000,19281000,48849000,21569000,76509000,-13.5270509194,54940000,-9.71357850071,0.0,54940000,-9.71357850071,19778000,35162000,-6.21676096181,0.32755,0.32755,107308948,107347668,https://www.sec.gov/Archives/edgar/data/936528/000093652812000040/0000936528-12-000040-index.htm,https://www.sec.gov/Archives/edgar/data/936528/000093652812000040/wafd0630201210-q.htm
0,2012-03-31,WAFDW,2012-05-08,2012-05-08 16:28:50,Q2,154580000,0.0,154580000,1.0,0.0,20185000,0.0,0.0,20185000,20185000,49979000,15688000,68924000,0.445879156424,53236000,0.34439125372,0.0,53236000,0.34439125372,19165000,34071000,0.220410143615,0.31679,0.31679,107523686,107549396,https://www.sec.gov/Archives/edgar/data/936528/000093652812000029/0000936528-12-000029-index.htm,https://www.sec.gov/Archives/edgar/data/936528/000093652812000029/wafd0331201210-q.htm
0,2011-12-31,WAFDW,2012-02-07,2012-02-07 17:18:03,Q1,155927000,0.0,155927000,1.0,0.0,18675000,0.0,0.0,18675000,18675000,52212000,8765000.0,60982000,0.391093268004,52217000,0.33488106614,0.0,52217000,0.33488106614,18799000,33418000,0.214318238663,0.30973,0.30973,107845011,107894572,https://www.sec.gov/Archives/edgar/data/936528/000093652812000006/0000936528-12-000006-index.htm,https://www.sec.gov/Archives/edgar/data/936528/000093652812000006/wfsl1231201110-q.htm
0,2011-09-30,WAFDW,2011-11-18,2011-11-18 17:30:53,Q4,158975000,0.0,158975000,1.0,0.0,18016000,0.0,0.0,19463000,19463000,54457000,-10076000,37841000,0.238031136971,47917000,0.301412171725,626000.0,47917000,0.301412171725,17251000,30666000,0.192898254443,0.27513,0.27513,111383877,111460106,https://www.sec.gov/Archives/edgar/data/936528/000120083611000020/0001200836-11-000020-index.htm,https://www.sec.gov/Archives/edgar/data/936528/000120083611000020/wfsl930201110k.htm
0,2011-06-30,WAFDW,2011-08-09,2011-08-09 16:21:27,Q3,279371000,0.0,279371000,1.0,0.0,18471000,0.0,0.0,18471000,18471000,55399000,18314000,65378000,0.234018563129,47064000,0.168464156981,0.0,47064000,0.168464156981,16943000,30121000,0.107817203647,0.26883,0.26883,111962708,112043350,https://www.sec.gov/Archives/edgar/data/936528/000093652811000016/0000936528-11-000016-index.htm,https://www.sec.gov/Archives/edgar/data/936528/000093652811000016/wfsl630201110-q.htm
0,2011-03-31,WAFDW,2011-05-10,2011-05-10 14:50:21,Q2,101555000,0.0,101555000,1.0,0.0,17824000,0.0,0.0,17824000,17824000,56984000,10586000,50936000,0.501560730639,40350000,0.397321648368,0.0,40350000,0.397321648368,14526000,25824000,0.254285854955,0.22965,0.22965,112364935,112447927,https://www.sec.gov/Archives/edgar/data/936528/000093652811000005/0000936528-11-000005-index.htm,https://www.sec.gov/Archives/edgar/data/936528/000093652811000005/wfsl331201110-q.htm
0,2010-12-31,WAFDW,2011-02-09,2011-02-09 14:14:18,Q1,104734000,0.0,104734000,1.0,0.0,17723000,0.0,0.0,17723000,17723000,60856000,8506000.0,46834000,0.447170928256,38328000,0.365955659098,0.0,38328000,0.365955659098,13798000,24530000,0.234212385663,0.21804,0.21804,112449175,112502134,https://www.sec.gov/Archives/edgar/data/936528/000119312511028730/0001193125-11-028730-index.htm,https://www.sec.gov/Archives/edgar/data/936528/000119312511028730/d10q.htm
0,2010-09-30,WAFDW,2010-11-16,2010-11-16 16:32:25,Q4,100368000,0.0,100368000,1.0,0.0,15309000,0.0,0.0,17449000,17449000,65116000,-60438000,62587000,-0.37700263032,22599000,0.225161406026,0.0,22599000,0.225161406026,6636000.0,15963000,0.159044715447,0.14158,0.14158,112438059,112745261,https://www.sec.gov/Archives/edgar/data/936528/000119312510261986/0001193125-10-261986-index.htm,https://www.sec.gov/Archives/edgar/data/936528/000119312510261986/d10k.htm
0,2010-06-30,WAFDW,2010-08-06,2010-08-05 21:21:02,Q3,-6613809000,5128400000,1485409000,-0.22459206185119648,-209900000,-1112030000,0.0,-238400000,-1560330000,-6688730000,203985000,-395772000,-295346000,0.14491588735,100426000,0.0850756349329,-2800000.0,100426000,0.0523713339771,-2264000.0,102690000,0.0338700437222,0.91124,0.91124,112424364,112693009,https://www.sec.gov/Archives/edgar/data/936528/000119312510179911/0001193125-10-179911-index.htm,https://www.sec.gov/Archives/edgar/data/936528/000119312510179911/d10q.htm
0,2010-03-31,WAFDW,2010-05-10,2010-05-10 15:47:43,Q2,0.0,0.0,0.0,0.0,0.0,0.0,0.0,0.0,0.0,0.0,0.0,5590000.0,86222000,0.0,80632000,0.0,0.0,80632000,0.0,-9390000.0,90022000,0.0,0.8009,0.8009,112401443,112401443,https://www.sec.gov/Archives/edgar/data/936528/000119312510114517/0001193125-10-114517-index.htm,https://www.sec.gov/Archives/edgar/data/936528/000119312510114517/d10q.htm
0,2009-12-31,WAFDW,2010-01-27,2010-01-27 15:09:26,Q1,0.0,0.0,0.0,0.0,0.0,0.0,0.0,0.0,0.0,0.0,0.0,3099000.0,15656000,0.0,12557000,0.0,0.0,12557000,0.0,0.0,7911000.0,0.0,0.07041,0.07041,112353941,112353941,https://www.sec.gov/Archives/edgar/data/936528/000119312510014183/0001193125-10-014183-index.htm,https://www.sec.gov/Archives/edgar/data/936528/000119312510014183/d10q.htm
0,2009-09-30,WAFDW,2009-11-02,2009-11-02 14:56:07,Q4,0.0,0.0,0.0,0.0,0.0,0.0,0.0,0.0,0.0,0.0,0.0,1528000.0,77270000,0.0,75742000,0.0,0.0,75742000,0.0,0.0,48172000,0.0,0.54315,0.54315,88689553,88689553,https://www.sec.gov/Archives/edgar/data/936528/000119312509220293/0001193125-09-220293-index.htm,https://www.sec.gov/Archives/edgar/data/936528/000119312509220293/d10k.htm
0,2009-06-30,WAFDW,2009-08-10,2009-08-10 11:26:12,Q3,0.0,0.0,0.0,0.0,0.0,0.0,0.0,0.0,0.0,0.0,0.0,3159000.0,65290000,0.0,62131000,0.0,0.0,62131000,0.0,0.0,38567000,0.0,0.4382,0.4382,88011571,88011571,https://www.sec.gov/Archives/edgar/data/936528/000119312509170127/0001193125-09-170127-index.htm,https://www.sec.gov/Archives/edgar/data/936528/000119312509170127/d10q.htm
0,2009-03-31,WAFDW,2009-05-11,2009-05-11 16:13:39,Q2,0.0,0.0,0.0,0.0,0.0,0.0,0.0,0.0,0.0,0.0,0.0,-495000.0,49956000,0.0,50451000,0.0,0.0,50451000,0.0,0.0,32534000,0.0,0.36973,0.36973,87993592,87993592,https://www.sec.gov/Archives/edgar/data/936528/000119312509107147/0001193125-09-107147-index.htm,https://www.sec.gov/Archives/edgar/data/936528/000119312509107147/d10q.htm
0,2008-12-31,WAFDW,2009-02-09,2009-02-09 16:17:48,Q1,0.0,0.0,0.0,0.0,0.0,0.0,0.0,0.0,0.0,0.0,0.0,621000.0,33982000,0.0,33361000,0.0,3835000.0,33361000,0.0,0.0,21518000,0.0,0.24462,0.24462,87966308,87966308,https://www.sec.gov/Archives/edgar/data/936528/000119312509022564/0001193125-09-022564-index.htm,https://www.sec.gov/Archives/edgar/data/936528/000119312509022564/d10q.htm
0,2008-09-30,WAFDW,2008-11-28,2008-11-28 16:21:54,Q4,0.0,0.0,0.0,0.0,0.0,0.0,0.0,0.0,0.0,0.0,0.0,1492000.0,97331000,0.0,95839000,0.0,0.0,95839000,0.0,0.0,62332000,0.0,0.71094,0.71094,87675978,87675978,https://www.sec.gov/Archives/edgar/data/936528/000119312508245206/0001193125-08-245206-index.htm,https://www.sec.gov/Archives/edgar/data/936528/000119312508245206/d10k.htm
0,2008-06-30,WAFDW,2008-08-11,2008-08-11 16:57:17,Q3,0.0,0.0,0.0,0.0,0.0,0.0,0.0,0.0,0.0,0.0,0.0,342000.0,158140000,0.0,157798000,0.0,0.0,157798000,0.0,0.0,101669000,0.0,1.16034,1.16034,87619645,87619645,https://www.sec.gov/Archives/edgar/data/936528/000119312508173609/0001193125-08-173609-index.htm,https://www.sec.gov/Archives/edgar/data/936528/000119312508173609/d10q.htm
0,2008-03-31,WAFDW,2008-05-12,2008-05-12 15:13:44,Q2,0.0,0.0,0.0,0.0,0.0,0.0,0.0,0.0,0.0,0.0,0.0,1014000.0,107385000,0.0,106371000,0.0,0.0,106371000,0.0,0.0,68500000,0.0,0.78254,0.78254,87535154,87535154,https://www.sec.gov/Archives/edgar/data/936528/000119312508111394/0001193125-08-111394-index.htm,https://www.sec.gov/Archives/edgar/data/936528/000119312508111394/d10q.htm
0,2007-12-31,WAFDW,2008-02-04,2008-02-04 17:08:53,Q1,0.0,0.0,0.0,0.0,0.0,0.0,0.0,0.0,0.0,0.0,0.0,103000.0,51540000,0.0,51437000,0.0,0.0,51437000,0.0,0.0,33048000,0.0,0.3772,0.3772,87614498,87614498,https://www.sec.gov/Archives/edgar/data/936528/000119312508019255/0001193125-08-019255-index.htm,https://www.sec.gov/Archives/edgar/data/936528/000119312508019255/d10q.htm
0,2007-09-30,WAFDW,2007-11-28,2007-11-28 14:34:54,Q4,11000.0,0.0,11000.0,1.0,0.0,0.0,0.0,0.0,0.0,0.0,0.0,331000.0,52272000,4752.0,51941000,4721.909090909091,0.0,51941000,4721.909090909091,0.0,33885000,3080.4545454545455,0.38639,0.38639,87696225,87696225,https://www.sec.gov/Archives/edgar/data/936528/000119312507254817/0001193125-07-254817-index.htm,https://www.sec.gov/Archives/edgar/data/936528/000119312507254817/d10k.htm
0,2007-06-30,WAFDW,2007-08-08,2007-08-08 16:33:57,Q3,0.0,0.0,0.0,0.0,0.0,0.0,0.0,0.0,0.0,0.0,0.0,928000.0,158299000,0.0,157371000,0.0,0.0,157371000,0.0,0.0,101132000,0.0,1.15444,1.15444,87602549,87602549,https://www.sec.gov/Archives/edgar/data/936528/000119312507175642/0001193125-07-175642-index.htm,https://www.sec.gov/Archives/edgar/data/936528/000119312507175642/d10q.htm
0,2007-03-31,WAFDW,2007-05-07,2007-05-07 14:43:42,Q2,0.0,0.0,0.0,0.0,0.0,0.0,0.0,0.0,0.0,0.0,0.0,62000.0,104018000,0.0,103956000,0.0,0.0,103956000,0.0,0.0,66867000,0.0,0.76325,0.76325,87608059,87608059,https://www.sec.gov/Archives/edgar/data/936528/000119312507104187/0001193125-07-104187-index.htm,https://www.sec.gov/Archives/edgar/data/936528/000119312507104187/d10q.htm
0,2006-12-31,WAFDW,2007-02-01,2007-01-31 19:18:39,Q1,0.0,0.0,0.0,0.0,0.0,0.0,0.0,0.0,0.0,0.0,0.0,-545000.0,51213000,0.0,51758000,0.0,0.0,51758000,0.0,0.0,33384000,0.0,0.38115,0.38115,87586910,87586910,https://www.sec.gov/Archives/edgar/data/936528/000119312507017535/0001193125-07-017535-index.htm,https://www.sec.gov/Archives/edgar/data/936528/000119312507017535/d10q.htm
0,2006-09-30,WAFDW,2006-11-22,2006-11-22 15:58:17,Q4,0.0,0.0,0.0,0.0,0.0,0.0,0.0,0.0,0.0,0.0,0.0,1419000.0,220079000,0.0,218660000,0.0,0.0,218660000,0.0,0.0,143102000,0.0,1.63598,1.63598,87471474,87471474,https://www.sec.gov/Archives/edgar/data/936528/000119312506241018/0001193125-06-241018-index.htm,https://www.sec.gov/Archives/edgar/data/936528/000119312506241018/d10k.htm
0,2006-06-30,WAFDW,2006-08-01,2006-08-01 17:09:28,Q3,0.0,0.0,0.0,0.0,0.0,0.0,0.0,0.0,0.0,0.0,0.0,1496000.0,165455000,0.0,163959000,0.0,0.0,163959000,0.0,0.0,107823000,0.0,1.23327,1.23327,87428766,87428766,https://www.sec.gov/Archives/edgar/data/936528/000119312506158288/0001193125-06-158288-index.htm,https://www.sec.gov/Archives/edgar/data/936528/000119312506158288/d10q.htm
0,2006-03-31,WAFDW,2006-04-28,2006-04-28 16:58:32,Q2,0.0,0.0,0.0,0.0,0.0,0.0,0.0,0.0,0.0,0.0,0.0,720000.0,110928000,0.0,110208000,0.0,0.0,110208000,0.0,0.0,72486000,0.0,0.82956,0.82956,87378631,87378631,https://www.sec.gov/Archives/edgar/data/936528/000119312506093092/0001193125-06-093092-index.htm,https://www.sec.gov/Archives/edgar/data/936528/000119312506093092/d10q.htm
0,2005-12-31,WAFDW,2006-02-08,2006-02-08 16:51:15,Q1,0.0,0.0,0.0,0.0,0.0,0.0,0.0,0.0,0.0,0.0,0.0,1264000.0,56187000,0.0,54923000,0.0,0.0,54923000,0.0,0.0,36146000,0.0,0.41411,0.41411,87285174,87285174,https://www.sec.gov/Archives/edgar/data/936528/000119312506023906/0001193125-06-023906-index.htm,https://www.sec.gov/Archives/edgar/data/936528/000119312506023906/d10q.htm
0,2005-09-30,WAFDW,2005-11-08,2005-11-08 17:26:48,Q4,0.0,0.0,0.0,0.0,0.0,0.0,0.0,0.0,0.0,0.0,0.0,245000.0,222553000,0.0,222308000,0.0,0.0,222308000,0.0,0.0,145889000,0.0,1.66771,1.66771,87478708,87478708,https://www.sec.gov/Archives/edgar/data/936528/000119312505219971/0001193125-05-219971-index.htm,https://www.sec.gov/Archives/edgar/data/936528/000119312505219971/d10k.htm
