,date,symbol,fillingDate,acceptedDate,period,revenue,costOfRevenue,grossProfit,grossProfitRatio,researchAndDevelopmentExpenses,generalAndAdministrativeExpenses,sellingAndMarketingExpenses,otherExpenses,operatingExpenses,costAndExpenses,interestExpense,depreciationAndAmortization,ebitda,ebitdaratio,operatingIncome,operatingIncomeRatio,totalOtherIncomeExpensesNet,incomeBeforeTax,incomeBeforeTaxRatio,incomeTaxExpense,netIncome,netIncomeRatio,eps,epsdiluted,weightedAverageShsOut,weightedAverageShsOutDil,link,finalLink
0,2020-06-30,THG,2020-07-29 00:00:00,2020-07-29 17:32:06,Q2,1102900000,0.0,0.0,0.0,0.0,0.0,0.0,122500000,1070400000,1070400000,-9400000.0,4400000.0,138000000,0.125125,91000000,0.08251,0.0,143100000,0.129749,27800000,115200000,0.104452,3.00783,3.00783,38300000,38300000,https://www.sec.gov/Archives/edgar/data/944695/000156459020034356/0001564590-20-034356-index.htm,https://www.sec.gov/Archives/edgar/data/944695/000156459020034356/thg-10q_20200630.htm
0,2020-03-31,THG,2020-04-29 00:00:00,2020-04-29 14:38:34,Q1,1148200000,0.0,0.0,1.0,0.0,0.0,0.0,135600000,1129200000,1129200000,-9000000.0,5100000.0,-59100000,-0.051472,-44500000,-0.038756,0.0,-53900000,-0.046943,-15200000,-40000000,-0.034837,-1.04439,-1.04439,38300000,38300000,https://www.sec.gov/Archives/edgar/data/944695/000156459020019609/0001564590-20-019609-index.html,https://www.sec.gov/Archives/edgar/data/944695/000156459020019609/thg-10q_20200331.htm
0,2019-12-31,THG,2020-02-24 00:00:00,2020-02-24 16:09:26,Q4,1150900000,0.0,0.0,1.0,0.0,0.0,0.0,138300000,1115900000,1115900000,-9000000.0,4800000.000000001,128800000,0.111912,142800000,0.124077,0.0,133400000,0.115909,23200000,109800000,0.095404,2.76574,2.76574,39700000,39700000,https://www.sec.gov/Archives/edgar/data/944695/000156459020006025/0001564590-20-006025-index.html,https://www.sec.gov/Archives/edgar/data/944695/000156459020006025/thg-10k_20191231.htm
0,2019-09-30,THG,2019-10-31 00:00:00,2019-10-31 12:22:19,Q3,1131100000,0.0,0.0,0.41936280563102,0.0,0.0,0.0,136900000,1075800000,1075800000,-9400000.0,4800000.000000001,133400000,0.117938,139700000,0.123508,0.0,130300000,0.115198,19100000,118900000,0.105119,2.95771,2.95771,40200000,40200000,https://www.sec.gov/Archives/edgar/data/944695/000156459019039041/0001564590-19-039041-index.html,https://www.sec.gov/Archives/edgar/data/944695/000156459019039041/thg-10q_20190930.htm
0,2019-06-30,THG,2019-08-01,2019-08-01 15:54:35,Q2,1116900000,0.0,0.0,0.4012180877690639,0.0,0.0,0.0,131300000,1079900000,1079900000,-9300000.0,5100000.0,94600000,0.084699,119100000,0.106634,0.0,109800000,0.098308,24800000,74000000,0.066255,1.79612,1.79612,41200000,41200000,https://www.sec.gov/Archives/edgar/data/944695/000156459019027917/thg-10q_20190630.htm,https://www.sec.gov/Archives/edgar/data/944695/000156459019027917/thg-10q_20190630.htm
0,2019-03-31,THG,2019-05-02 00:00:00,2019-05-02 15:39:35,Q1,1101100000,0.0,0.0,0.4263222632226322,0.0,0.0,0.0,132400000,1061500000,1061500000,-9400000.0,6900000.0,145900000,0.132504,158000000,0.143493,0.0,148600000,0.134956,26000000,122400000,0.111162,2.97087,2.97087,41200000,41200000,https://www.sec.gov/Archives/edgar/data/944695/000156459019015295/0001564590-19-015295-index.html,https://www.sec.gov/Archives/edgar/data/944695/000156459019015295/thg-10q_20190331.htm
0,2018-12-31,THG,2019-02-22 00:00:00,2019-02-21 20:43:47,Q4,1087900000,0.0,0.0,0.3597207109176641,0.0,0.0,0.0,129100000,1092300000,1092300000,-11200000,3600000.0000000014,115000000,0.105708,12300000,0.011306,0.0,1100000.0,0.001011,-1000000.0,123600000,0.113613,2.89461,2.89461,42700000,42700000,https://www.sec.gov/Archives/edgar/data/944695/000156459019003788/0001564590-19-003788-index.html,https://www.sec.gov/Archives/edgar/data/944695/000156459019003788/thg-10k_20181231.htm
0,2018-09-30,THG,2018-11-01 00:00:00,2018-11-01 14:43:52,Q3,1077200000,0.0,0.0,0.35640584694754945,0.0,0.0,0.0,131900000,1033100000,1033100000,-11200000,6900000.0,114800000,0.106573,133900000,0.124304,0.0,122700000,0.113906,18700000,100400000,0.093205,2.32947,2.32947,43100000,43100000,https://www.sec.gov/Archives/edgar/data/944695/000156459018026164/0001564590-18-026164-index.html,https://www.sec.gov/Archives/edgar/data/944695/000156459018026164/thg-10q_20180930.htm
0,2018-06-30,THG,2018-08-03 00:00:00,2018-08-03 17:29:09,Q2,1064100000,0.0,0.0,0.42500733783387146,0.0,0.0,0.0,129600000,1024200000,1024200000,-11400000,7199999.999999999,112200000,0.105441,111000000,0.104314,0.0,99600000,0.0936,17200000,99200000,0.093224,2.30162,2.30162,43100000,43100000,https://www.sec.gov/Archives/edgar/data/944695/000156459018019211/0001564590-18-019211-index.html,https://www.sec.gov/Archives/edgar/data/944695/000156459018019211/thg-10q_20180630.htm
0,2018-03-31,THG,2018-05-03 00:00:00,2018-05-03 16:14:52,Q1,1048400000,0.0,0.0,0.4095724697573071,0.0,0.0,0.0,131500000,1021700000,1021700000,-11300000,6900000.0,71900000,0.068581,70400000,0.06715,0.0,59100000,0.056372,8600000.0,67700000,0.064575,1.57077,1.57077,43100000,43100000,https://www.sec.gov/Archives/edgar/data/944695/000156459018010679/0001564590-18-010679-index.html,https://www.sec.gov/Archives/edgar/data/944695/000156459018010679/thg-10q_20180331.htm
0,2017-12-31,THG,2018-02-27 00:00:00,2018-02-27 16:52:13,Q4,1029300000,0.0,0.0,0.43011559825851975,0.0,0.0,0.0,129400000,987000000,987000000,-11300000,7100000.000000001,61100000,0.059361,106600000,0.103566,0.0,95300000,0.092587,13800000,51500000,0.050034,1.18938,1.18938,43300000,43300000,https://www.sec.gov/Archives/edgar/data/944695/000156459018003531/0001564590-18-003531-index.html,https://www.sec.gov/Archives/edgar/data/944695/000156459018003531/thg-10k_20171231.htm
0,2017-09-30,THG,2017-11-02 00:00:00,2017-11-02 13:59:55,Q3,1010000000,0.0,0.0,0.3374584968306671,0.0,0.0,0.0,124000000,993200000,993200000,-11300000,7600000.0,30600000,0.030297,94000000,0.093069,0.0,82700000,0.081881,23200000,11100000,0.01099,0.25874,0.25874,42900000,42900000,https://www.sec.gov/Archives/edgar/data/944695/000156459017021095/0001564590-17-021095-index.html,https://www.sec.gov/Archives/edgar/data/944695/000156459017021095/thg-10q_20170930.htm
0,2017-06-30,THG,2017-08-03 00:00:00,2017-08-03 13:30:50,Q2,775700000,0.0,0.0,0.4273754047863518,0.0,0.0,0.0,99100000,763900000,763900000,-10600000,7800000.000000001,92000000,0.118603,66500000,0.085729,0.0,55900000,0.072064,16400000,78400000,0.10107,1.80645,1.80645,43400000,43400000,https://www.sec.gov/Archives/edgar/data/944695/000156459017015241/0001564590-17-015241-index.html,https://www.sec.gov/Archives/edgar/data/944695/000156459017015241/thg-10q_20170630.htm
0,2017-03-31,THG,2017-05-04 00:00:00,2017-05-04 14:41:48,Q1,1187900000,0.0,0.0,0.39210088032357837,0.0,0.0,0.0,157000000,1191300000,1191300000,-12000000,7600000.0,54600000,0.045963,71000000,0.059769,0.0,59000000,0.049667,13800000,45200000,0.03805,1.05361,1.05361,42900000,42900000,https://www.sec.gov/Archives/edgar/data/944695/000094469517000049/0000944695-17-000049-index.html,https://www.sec.gov/Archives/edgar/data/944695/000094469517000049/thg-20170331x10q.htm
0,2016-12-31,THG,2017-02-22 00:00:00,2017-02-22 16:55:44,Q4,331500000,0.0,0.0,0.32796812749003984,0.0,0.0,0.0,53400000,515000000,515000000,-8600000.0,6099999.999999998,-73800000,-0.222624,-150500000,-0.453997,0.0,-159100000,-0.47994,-57800000,-13500000,-0.040724,-0.31542,-0.31542,42800000,42800000,https://www.sec.gov/Archives/edgar/data/944695/000094469517000020/0000944695-17-000020-index.html,https://www.sec.gov/Archives/edgar/data/944695/000094469517000020/thg-20161231x10k.htm
0,2016-09-30,THG,2016-11-04 00:00:00,2016-11-04 11:12:33,Q3,1169200000,0.0,0.0,0.44247502417015794,0.0,0.0,0.0,154800000,1104700000,1104700000,-12500000,8400000.000000002,120100000,0.10272,136600000,0.116832,0.0,124100000,0.106141,35800000,88400000,0.075607,2.05581,2.05581,43000000,43000000,https://www.sec.gov/Archives/edgar/data/944695/000094469516000234/0000944695-16-000234-index.html,https://www.sec.gov/Archives/edgar/data/944695/000094469516000234/thg-20160930x10q.htm
0,2016-06-30,THG,2016-07-29 00:00:00,2016-07-29 13:59:32,Q2,1153600000,0.0,0.0,0.40286415711947626,0.0,0.0,0.0,143700000,1218500000,1218500000,-15600000,7799999.999999999,-14800000.000000002,-0.012829,8500000.0,0.007368,0.0,-7100000.0,-0.006155,-9000000.0,2000000.0,0.001734,0.04608,0.04608,43400000,43400000,https://www.sec.gov/Archives/edgar/data/944695/000094469516000210/0000944695-16-000210-index.html,https://www.sec.gov/Archives/edgar/data/944695/000094469516000210/thg-20160630x10q.htm
0,2016-03-31,THG,2016-05-05 00:00:00,2016-05-05 13:45:56,Q1,1157800000,0.0,0.0,0.43010752688172044,0.0,0.0,0.0,146100000,1125700000,1125700000,-14700000,8400000.0,101900000,0.088012,122800000,0.106063,0.0,108100000,0.093367,30000000,78200000,0.067542,1.7977,1.7977,43500000,43500000,https://www.sec.gov/Archives/edgar/data/944695/000094469516000170/0000944695-16-000170-index.html,https://www.sec.gov/Archives/edgar/data/944695/000094469516000170/thg-20160331x10q.htm
0,2015-12-31,THG,2016-02-25 00:00:00,2016-02-25 09:55:55,Q4,1145200000,0.0,0.0,0.4393624968871918,0.0,0.0,0.0,164400000,1108700000,1108700000,-14600000,7399999.999999999,92000000,0.080335,114000000,0.099546,0.0,99400000,0.086797,21600000,77600000,0.067761,1.75566,1.75566,44200000,44200000,https://www.sec.gov/Archives/edgar/data/944695/000094469516000135/0000944695-16-000135-index.html,https://www.sec.gov/Archives/edgar/data/944695/000094469516000135/thg-20151231x10k.htm
0,2015-09-30,THG,2015-10-30 00:00:00,2015-10-30 13:15:20,Q3,1157200000,0.0,0.0,0.44004864207539524,0.0,0.0,0.0,158700000,1112600000,1112600000,-14700000,6000000.0,102800000,0.088835,125100000,0.108106,0.0,110400000,0.095403,33200000,78300000,0.067663,1.74388,1.74388,44900000,44900000,https://www.sec.gov/Archives/edgar/data/944695/000094469515000101/0000944695-15-000101-index.html,https://www.sec.gov/Archives/edgar/data/944695/000094469515000101/thg-20150930x10q.htm
0,2015-06-30,THG,2015-07-30 00:00:00,2015-07-30 17:30:14,Q2,1213800000,0.0,0.0,0.4257189114177781,0.0,0.0,0.0,160400000,1131500000,1131500000,-14900000,8700000.000000002,146200000,0.120448,167500000,0.137996,0.0,152600000,0.125721,31700000,120700000,0.09944,2.68222,2.68222,45000000,45000000,https://www.sec.gov/Archives/edgar/data/944695/000094469515000072/0000944695-15-000072-index.html,https://www.sec.gov/Archives/edgar/data/944695/000094469515000072/thg-20150630x10q.htm
0,2015-03-31,THG,2015-05-01 00:00:00,2015-05-01 14:31:13,Q1,1219200000,0.0,0.0,0.4047124047124047,0.0,0.0,0.0,172100000,1208500000,1208500000,-15900000,8100000.0,69200000,0.056759,92900000,0.076198,0.0,77000000,0.063156,22100000,54900000,0.04503,1.21729,1.21729,45100000,45100000,https://www.sec.gov/Archives/edgar/data/944695/000094469515000047/0000944695-15-000047-index.html,https://www.sec.gov/Archives/edgar/data/944695/000094469515000047/thg-20150331x10q.htm
0,2014-12-31,THG,2015-02-24,2015-02-23 19:57:19,Q4,1197700000,0.0,0.0,0.45848572095556767,0.0,0.0,0.0,183300000,1151000000,1151000000,-16300000,8200000.0,114600000,0.095683,139200000,0.116223,0.0,122900000,0.102613,32800000,89900000,0.075061,2.00223,2.00223,44900000,44900000,https://www.sec.gov/Archives/edgar/data/944695/000094469515000020/thg-20141231x10k.htm,https://www.sec.gov/Archives/edgar/data/944695/000094469515000020/thg-20141231x10k.htm
0,2014-09-30,THG,2014-10-30 00:00:00,2014-10-30 16:03:38,Q3,1193200000,0.0,0.0,0.4029709228824273,0.0,0.0,0.0,158400000,1174300000,1174300000,-16300000,8400000.000000002,67300000,0.056403,91600000,0.076768,0.0,75300000,0.063108,20300000,54900000,0.046011,1.22272,1.22272,44900000,44900000,https://www.sec.gov/Archives/edgar/data/944695/000094469514000093/0000944695-14-000093-index.html,https://www.sec.gov/Archives/edgar/data/944695/000094469514000093/thg-20140930x10q.htm
0,2014-06-30,THG,2014-08-01 00:00:00,2014-08-01 14:47:35,Q2,1183800000,0.0,0.0,0.4300864100549882,0.0,0.0,0.0,163900000,1149100000,1149100000,-16300000,7799999.999999999,99300000,0.083882,124000000,0.104747,0.0,107700000,0.090978,25200000,82600000,0.069775,1.83964,1.83964,44900000,44900000,https://www.sec.gov/Archives/edgar/data/944695/000094469514000080/0000944695-14-000080-index.html,https://www.sec.gov/Archives/edgar/data/944695/000094469514000080/thg-20140630x10q.htm
0,2014-03-31,THG,2014-05-01 00:00:00,2014-05-01 09:36:01,Q1,1172500000,0.0,0.0,0.39665567971701904,0.0,0.0,0.0,151300000,1155500000,1155500000,-16300000,9100000.0,64800000,0.055267,88400000,0.075394,0.0,72100000,0.061493,17400000,54600000,0.046567,1.21875,1.21875,44800000,44800000,https://www.sec.gov/Archives/edgar/data/944695/000119312514175019/0001193125-14-175019-index.html,https://www.sec.gov/Archives/edgar/data/944695/000119312514175019/d701698d10q.htm
0,2013-12-31,THG,2014-02-25,2014-02-25 06:46:24,Q4,1150200000,0.0,0.0,0.4388120423108218,0.0,0.0,0.0,182600000,1124200000,1124200000,-16600000,9600000.000000002,86400000,0.075117,104800000,0.091115,0.0,88200000,0.076682,23300000,70100000,0.060946,1.56473,1.56473,44800000,44800000,https://www.sec.gov/Archives/edgar/data/944695/000119312514066031/d628193d10k.htm,https://www.sec.gov/Archives/edgar/data/944695/000119312514066031/d628193d10k.htm
0,2013-09-30,THG,2013-11-01 00:00:00,2013-11-01 11:14:14,Q3,1135100000,0.0,0.0,0.4209519054751206,0.0,0.0,0.0,159300000,1099100000,1099100000,-16600000,8000000.0,77500000,0.068276,102700000,0.090477,0.0,86100000,0.075852,24800000,61300000,0.054004,1.37444,1.37444,44600000,44600000,https://www.sec.gov/Archives/edgar/data/944695/000119312513422314/0001193125-13-422314-index.html,https://www.sec.gov/Archives/edgar/data/944695/000119312513422314/d591411d10q.htm
0,2013-06-30,THG,2013-08-01 00:00:00,2013-08-01 16:55:19,Q2,1101000000,0.0,0.0,0.4147640791476408,0.0,0.0,0.0,174500000,1099300000,1099300000,-17400000,8999999.999999998,57800000,0.052498,83300000,0.075658,0.0,65900000,0.059855,12800000,53400000,0.048501,1.19196,1.19196,44800000,44800000,https://www.sec.gov/Archives/edgar/data/944695/000119312513315227/0001193125-13-315227-index.html,https://www.sec.gov/Archives/edgar/data/944695/000119312513315227/d542228d10q.htm
0,2013-03-31,THG,2013-05-01 00:00:00,2013-05-01 16:15:26,Q1,1104900000,0.0,0.0,0.4209946623739727,0.0,0.0,0.0,150800000,1076700000,1076700000,-14700000,8400000.0,82400000,0.074577,103600000,0.093764,0.0,88900000,0.08046,22500000,66200000,0.059915,1.46137,1.46137,45300000,45300000,https://www.sec.gov/Archives/edgar/data/944695/000119312513192422/0001193125-13-192422-index.html,https://www.sec.gov/Archives/edgar/data/944695/000119312513192422/d496941d10q.htm
0,2012-12-31,THG,2013-02-26 00:00:00,2013-02-26 06:16:24,Q4,1095000000,0.0,0.0,0.26309121621621623,0.0,0.0,0.0,156500000,1275200000,1275200000,-15200000,9600000.000000002,-111700000,-0.102009,-91200000,-0.083288,0.0,-106400000,-0.097169,-51100000,-55000000,-0.050228,-1.23596,-1.23596,44500000,44500000,https://www.sec.gov/Archives/edgar/data/944695/000119312513075166/0001193125-13-075166-index.html,https://www.sec.gov/Archives/edgar/data/944695/000119312513075166/d440346d10k.htm
0,2012-09-30,THG,2012-11-01 00:00:00,2012-11-01 16:25:24,Q3,1083500000,0.0,0.0,0.3880970890558867,0.0,0.0,0.0,145700000,1089900000,1089900000,-14600000,8399999.999999998,46500000,0.042916,67800000,0.062575,0.0,53200000,0.0491,12300000,40400000,0.037287,0.89381,0.89381,45200000,45200000,https://www.sec.gov/Archives/edgar/data/944695/000119312512446614/0001193125-12-446614-index.html,https://www.sec.gov/Archives/edgar/data/944695/000119312512446614/d402214d10q.htm
0,2012-06-30,THG,2012-08-02 00:00:00,2012-08-02 17:23:44,Q2,1062100000,0.0,0.0,0.3505145493257629,0.0,0.0,0.0,135000000,1100200000,1100200000,-15900000,8500000.000000002,14700000.000000002,0.013841,27000000,0.025421,0.0,11100000,0.010451,1300000.0,20800000,0.019584,0.45815,0.45815,45400000,45400000,https://www.sec.gov/Archives/edgar/data/944695/000119312512332254/0001193125-12-332254-index.html,https://www.sec.gov/Archives/edgar/data/944695/000119312512332254/d365093d10q.htm
0,2012-03-31,THG,2012-05-04,2012-05-04 15:56:46,Q1,1049900000,0.0,0.0,0.41041183811731147,0.0,0.0,0.0,145300000,1034800000,1034800000,-16200000,9100000.0,62700000,0.05972,87000000,0.082865,0.0,70800000,0.067435,20100000,49700000,0.047338,1.09231,1.09231,45500000,45500000,https://www.sec.gov/Archives/edgar/data/944695/000119312512211862/d311198d10q.htm,https://www.sec.gov/Archives/edgar/data/944695/000119312512211862/d311198d10q.htm
0,2011-12-31,THG,2012-02-29 00:00:00,2012-02-28 19:32:05,Q4,1063700000,0.0,0.0,0.3948410951668281,0.0,0.0,0.0,137100000,1055900000,1055900000,-16400000,14399999.999999998,64800000,0.060919,80000000,0.075209,0.0,63600000,0.059791,17200000,49600000,0.04663,1.09492,1.09492,45300000,45300000,https://www.sec.gov/Archives/edgar/data/944695/000119312512086222/0001193125-12-086222-index.html,https://www.sec.gov/Archives/edgar/data/944695/000119312512086222/d262770d10k.htm
0,2011-09-30,THG,2011-11-08 00:00:00,2011-11-08 13:25:50,Q3,1032000000,0.0,0.0,0.3367328519855596,0.0,0.0,0.0,150400000,1109900000,1109900000,-17400000,4700000.000000001,-32000000,-0.031008,-1900000.0,-0.001841,0.0,-19300000,-0.018702,-9300000.0,-10000000,-0.00969,-0.22222,-0.22222,45000000,45000000,https://www.sec.gov/Archives/edgar/data/944695/000119312511301684/0001193125-11-301684-index.html,https://www.sec.gov/Archives/edgar/data/944695/000119312511301684/d229190d10q.htm
0,2011-06-30,THG,2011-08-09 00:00:00,2011-08-09 14:34:20,Q2,779500000,0.0,0.0,0.2768474060194402,0.0,0.0,0.0,123100000,903300000,903300000,-10800000,3399999.9999999995,-67000000,-0.085953,-49400000,-0.063374,0.0,-60200000,-0.077229,-27400000,-32200000,-0.041309,-0.70925,-0.70925,45400000,45400000,https://www.sec.gov/Archives/edgar/data/944695/000119312511216229/0001193125-11-216229-index.html,https://www.sec.gov/Archives/edgar/data/944695/000119312511216229/d10q.htm
0,2011-03-31,THG,2011-05-09 00:00:00,2011-05-06 20:33:10,Q1,770100000,0.0,0.0,0.38714319980810746,0.0,0.0,0.0,112400000,785900000,785900000,-10400000,4200000.0,32700000,0.042462,47900000,0.0622,0.0,37500000,0.048695,9600000.0,29300000,0.038047,0.64537,0.64537,45400000,45400000,https://www.sec.gov/Archives/edgar/data/944695/000119312511131133/0001193125-11-131133-index.html,https://www.sec.gov/Archives/edgar/data/944695/000119312511131133/d10q.htm
0,2010-12-31,THG,2011-02-24,2012-02-28 09:30:42,Q4,757400000,0.0,0.0,0.4339373574942998,0.0,0.0,0.0,94300000,746200000,746200000,-11500000,4699999.999999999,69800000,0.092157,87100000,0.114999,0.0,75600000,0.099815,18200000,58400000,0.077106,1.27233,1.27233,45900000,45900000,https://www.sec.gov/Archives/edgar/data/944695/000119312512083502/d305934d10k.htm,https://www.sec.gov/Archives/edgar/data/944695/000119312512083502/d305934d10k.htm
0,2010-09-30,THG,2010-11-04 00:00:00,2010-11-04 14:56:52,Q3,737000000,0.0,0.0,0.4345771144278607,0.0,0.0,0.0,91100000,719100000,719100000,-11800000,4200000.0,66400000,0.090095,84900000,0.115197,0.0,73100000,0.099186,21700000,52300000,0.070963,1.14442,1.14442,45700000,45700000,https://www.sec.gov/Archives/edgar/data/944695/000119312510247894/0001193125-10-247894-index.html,https://www.sec.gov/Archives/edgar/data/944695/000119312510247894/d10q.htm
0,2010-06-30,THG,2010-08-06 00:00:00,2010-08-05 21:22:50,Q2,706300000,0.0,0.0,-1.5201822916666667,0.0,0.0,0.0,92100000,753500000,753500000,-11700000,3700000.0,-4800000.0,-0.006796,14800000,0.020954,0.0,3100000.0,0.004389,900000.0,2300000.0,0.003256,0.05055,0.05055,45500000,45500000,https://www.sec.gov/Archives/edgar/data/944695/000119312510179913/0001193125-10-179913-index.html,https://www.sec.gov/Archives/edgar/data/944695/000119312510179913/d10q.htm
0,2010-03-31,THG,2010-05-07 00:00:00,2010-05-07 14:55:12,Q1,674600000,0.0,0.0,1.0,0.0,0.0,0.0,92000000,678000000,678000000,-9300000.0,4100000.0,53700000,0.079603,68600000,0.10169,0.0,59300000,0.087904,17100000,41800000,0.061963,0.86722,0.86722,48200000,48200000,https://www.sec.gov/Archives/edgar/data/944695/000119312510112678/0001193125-10-112678-index.html,https://www.sec.gov/Archives/edgar/data/944695/000119312510112678/d10q.htm
0,2009-12-31,THG,2010-03-01 00:00:00,2010-03-01 06:09:40,Q4,655400000,0.0,0.0,1.0,0.0,0.0,0.0,96100000,656800000,656800000,-31000000,2800000.000000001,46700000,0.071254,73500000,0.112145,0.0,73500000,0.112145,17600000,57300000,0.087428,1.14143,1.14143,50200000,50200000,https://www.sec.gov/Archives/edgar/data/944695/000119312510043678/0001193125-10-043678-index.html,https://www.sec.gov/Archives/edgar/data/944695/000119312510043678/d10k.htm
0,2009-09-30,THG,2009-11-04 00:00:00,2009-11-04 17:19:52,Q3,646400000,0.0,0.0,1.0,0.0,0.0,0.0,91400000,641000000,641000000,0.0,3900000.0000000005,72500000,0.11216,67500000,0.104425,0.0,67500000,0.104425,18900000,49700000,0.076887,0.9707,0.9707,51200000,51200000,https://www.sec.gov/Archives/edgar/data/944695/000119312509223986/0001193125-09-223986-index.html,https://www.sec.gov/Archives/edgar/data/944695/000119312509223986/d10q.htm
0,2009-06-30,THG,2009-08-07 00:00:00,2009-08-07 13:04:26,Q2,638700000,0.0,0.0,1.0,0.0,0.0,0.0,95500000,599800000,599800000,0.0,2800000.0,100700000,0.157664,96600000,0.151245,0.0,96600000,0.151245,33500000,64400000,0.10083,1.25292,1.25292,51400000,51400000,https://www.sec.gov/Archives/edgar/data/944695/000119312509168728/0001193125-09-168728-index.html,https://www.sec.gov/Archives/edgar/data/944695/000119312509168728/d10q.htm
0,2009-03-31,THG,2009-05-08 00:00:00,2009-05-08 15:10:27,Q1,640100000,0.0,0.0,1.0,0.0,0.0,0.0,94200000,665600000,665600000,0.0,2300000.0,41200000,0.064365,33300000,0.052023,0.0,33300000,0.052023,13100000,25800000,0.040306,0.50195,0.50195,51400000,51400000,https://www.sec.gov/Archives/edgar/data/944695/000119312509105206/0001193125-09-105206-index.html,https://www.sec.gov/Archives/edgar/data/944695/000119312509105206/d10q.htm
0,2008-12-31,THG,2009-02-27 00:00:00,2009-02-27 16:11:38,Q4,635700000,0.0,0.0,1.0,0.0,0.0,0.0,86500000,613100000,613100000,-40000000,1000000.0,22600000,0.035551,50300000,0.079125,0.0,50300000,0.079125,27500000,34100000,0.053642,0.65957,0.65957,51700000,51700000,https://www.sec.gov/Archives/edgar/data/944695/000119312509040951/0001193125-09-040951-index.html,https://www.sec.gov/Archives/edgar/data/944695/000119312509040951/d10k.htm
0,2008-09-30,THG,2008-11-07 00:00:00,2008-11-07 11:23:12,Q3,629400000,0.0,0.0,1.0,0.0,0.0,0.0,77200000,691100000,691100000,0.0,4799999.999999999,-62500000,-0.099301,-49000000,-0.077852,0.0,-49000000,-0.077852,-5500000.0,-61800000,-0.098189,-1.21176,-1.21176,51000000,51000000,https://www.sec.gov/Archives/edgar/data/944695/000119312508229399/0001193125-08-229399-index.html,https://www.sec.gov/Archives/edgar/data/944695/000119312508229399/d10q.htm
0,2008-06-30,THG,2008-08-11 00:00:00,2008-08-08 19:53:41,Q2,628800000,0.0,0.0,1.0,0.0,0.0,0.0,83900000,608300000,608300000,0.0,5200000.000000001,23800000,0.03785,76700000,0.121978,0.0,76700000,0.121978,28800000,-10200000,-0.016221,-0.19691,-0.19691,51800000,51800000,https://www.sec.gov/Archives/edgar/data/944695/000119312508172279/0001193125-08-172279-index.html,https://www.sec.gov/Archives/edgar/data/944695/000119312508172279/d10q.htm
0,2008-03-31,THG,2008-05-08 00:00:00,2008-05-07 19:55:02,Q1,625600000,0.0,0.0,1.0,0.0,0.0,0.0,86000000,603500000,603500000,0.0,4100000.0,91700000,0.146579,86400000,0.138107,0.0,86400000,0.138107,29100000,58500000,0.09351,1.11855,1.11855,52300000,52300000,https://www.sec.gov/Archives/edgar/data/944695/000119312508106267/0001193125-08-106267-index.html,https://www.sec.gov/Archives/edgar/data/944695/000119312508106267/d10q.htm
0,2007-12-31,THG,2008-02-27,2008-02-27 06:13:49,Q4,616000000,0.0,0.0,1.0,0.0,0.0,0.0,91100000,591300000,591300000,0.0,4999999.999999998,107900000,0.175162,87400000,0.141883,0.0,87400000,0.141883,27100000,75800000,0.123052,1.39595,1.39595,54300000,54300000,https://www.sec.gov/Archives/edgar/data/944695/000119312508039342/d10k.htm,https://www.sec.gov/Archives/edgar/data/944695/000119312508039342/d10k.htm
0,2007-09-30,THG,2007-11-09 00:00:00,2007-11-09 12:44:32,Q3,609800000,0.0,0.0,1.0,0.0,0.0,0.0,88000000,594300000,594300000,0.0,4400000.0,84300000,0.138242,77500000,0.127091,0.0,77500000,0.127091,26000000,53900000,0.08839,1.02667,1.02667,52500000,52500000,https://www.sec.gov/Archives/edgar/data/944695/000119312507241879/0001193125-07-241879-index.html,https://www.sec.gov/Archives/edgar/data/944695/000119312507241879/d10q.htm
0,2007-06-30,THG,2007-08-09 00:00:00,2007-08-09 14:49:43,Q2,604900000,0.0,0.0,1.0,0.0,0.0,0.0,84400000,578300000,578300000,0.0,4600000.0,94300000,0.155894,86700000,0.143329,0.0,86700000,0.143329,29900000,59800000,0.098859,1.1434,1.1434,52300000,52300000,https://www.sec.gov/Archives/edgar/data/944695/000119312507177270/0001193125-07-177270-index.html,https://www.sec.gov/Archives/edgar/data/944695/000119312507177270/d10q.htm
0,2007-03-31,THG,2007-05-10 00:00:00,2007-05-10 15:43:57,Q1,597300000,0.0,0.0,1.0,0.0,0.0,0.0,88100000,568700000,568700000,0.0,4900000.0,98700000,0.165244,89900000,0.150511,0.0,89900000,0.150511,30200000,63600000,0.106479,1.22543,1.22543,51900000,51900000,https://www.sec.gov/Archives/edgar/data/944695/000119312507110136/0001193125-07-110136-index.html,https://www.sec.gov/Archives/edgar/data/944695/000119312507110136/d10q.htm
0,2006-12-31,THG,2007-03-01,2007-03-01 06:12:41,Q4,588300000,0.0,0.0,1.0,0.0,0.0,0.0,98800000,582100000,582100000,0.0,5099999.999999998,73500000,0.124936,72400000,0.123066,0.0,72400000,0.123066,22900000,45500000,0.077341,0.88008,0.88008,51700000,51700000,https://www.sec.gov/Archives/edgar/data/944695/000119312507043369/d10k.htm,https://www.sec.gov/Archives/edgar/data/944695/000119312507043369/d10k.htm
0,2006-09-30,THG,2006-11-09,2006-11-09 09:58:29,Q3,590800000,0.0,0.0,1.0,0.0,0.0,0.0,106700000,627900000,627900000,0.0,5400000.0,53600000,0.090724,43300000,0.07329,0.0,43300000,0.07329,14800000,33400000,0.056534,0.65107,0.65107,51300000,51300000,https://www.sec.gov/Archives/edgar/data/944695/000119312506229553/d10q.htm,https://www.sec.gov/Archives/edgar/data/944695/000119312506229553/d10q.htm
0,2006-06-30,THG,2006-08-09,2006-08-09 14:28:31,Q2,571700000,0.0,0.0,1.0,0.0,0.0,0.0,102400000,575400000,575400000,0.0,5200000.0,80800000,0.141333,78400000,0.137135,0.0,78400000,0.137135,24700000,50900000,0.089033,0.98643,0.98643,51600000,51600000,https://www.sec.gov/Archives/edgar/data/944695/000119312506167458/d10q.htm,https://www.sec.gov/Archives/edgar/data/944695/000119312506167458/d10q.htm
0,2006-03-31,THG,2006-05-10,2006-05-10 15:09:03,Q1,578700000,0.0,0.0,1.0,0.0,0.0,0.0,105900000,579300000,579300000,0.0,5700000.0,71500000,0.123553,85300000,0.147399,0.0,85300000,0.147399,25300000,40500000,0.069984,0.7556,0.7556,53600000,53600000,https://www.sec.gov/Archives/edgar/data/944695/000119312506107437/d10q.htm,https://www.sec.gov/Archives/edgar/data/944695/000119312506107437/d10q.htm
0,2005-12-31,THG,2006-03-16,2006-03-16 16:16:37,Q4,568000000,0.0,0.0,1.0,0.0,0.0,0.0,92100000,573700000,573700000,-40000000,6800000.000000001,84500000,0.148768,83400000,0.146831,0.0,83400000,0.146831,-1000000.0,118700000,0.208979,2.16211,2.16211,54900000,54900000,https://www.sec.gov/Archives/edgar/data/944695/000119312506056711/d10k.htm,https://www.sec.gov/Archives/edgar/data/944695/000119312506056711/d10k.htm
0,2005-09-30,THG,2005-11-09,2005-11-09 15:33:46,Q3,547900000,0.0,0.0,1.0,0.0,0.0,0.0,86600000,770000000,770000000,0.0,7800000.000000001,-590000000,-1.076839,-140800000,-0.256981,0.0,-140800000,-0.256981,-35400000,-562400000,-1.026465,-10.51215,-10.51215,53500000,53500000,https://www.sec.gov/Archives/edgar/data/944695/000119312505221453/d10q.htm,https://www.sec.gov/Archives/edgar/data/944695/000119312505221453/d10q.htm
0,2005-06-30,THG,2005-08-04,2005-08-04 17:06:39,Q2,573700000,0.0,0.0,1.0,0.0,0.0,0.0,100000000,580400000,580400000,0.0,7900000.0,98600000,0.171867,75800000,0.132125,0.0,75800000,0.132125,18700000,72000000,0.125501,1.33581,1.33581,53900000,53900000,https://www.sec.gov/Archives/edgar/data/944695/000119312505157883/d10q.htm,https://www.sec.gov/Archives/edgar/data/944695/000119312505157883/d10q.htm
0,2005-03-31,THG,2005-05-05,2005-05-05 16:43:30,Q1,589500000,0.0,0.0,1.0,0.0,0.0,0.0,103900000,628900000,628900000,0.0,9100000.0,68100000,0.115522,52900000,0.089737,0.0,52900000,0.089737,12500000,46500000,0.07888,0.86592,0.86592,53700000,53700000,https://www.sec.gov/Archives/edgar/data/944695/000119312505097544/d10q.htm,https://www.sec.gov/Archives/edgar/data/944695/000119312505097544/d10q.htm
0,2004-12-31,THG,2005-02-25,2005-02-25 06:13:41,Q4,590600000,0.0,0.0,1.0,0.0,0.0,0.0,115300000,615300000,615300000,0.0,9800000.000000004,86200000,0.145953,56800000,0.096173,0.0,56800000,0.096173,13300000,63100000,0.106841,1.17505,1.17505,53700000,53700000,https://www.sec.gov/Archives/edgar/data/944695/000119312505036571/d10k.htm,https://www.sec.gov/Archives/edgar/data/944695/000119312505036571/d10k.htm
0,2004-09-30,THG,2004-11-09,2004-11-09 11:50:39,Q3,588800000,0.0,0.0,1.0,0.0,0.0,0.0,102800000,643800000,643800000,0.0,9399999.999999998,-26000000,-0.044158,21900000,0.037194,0.0,21900000,0.037194,4100000.0,-39500000,-0.067086,-0.73832,-0.73832,53500000,53500000,https://www.sec.gov/Archives/edgar/data/944695/000119312504190738/d10q.htm,https://www.sec.gov/Archives/edgar/data/944695/000119312504190738/d10q.htm
0,2004-06-30,THG,2004-08-05,2004-08-05 11:16:02,Q2,615800000,0.0,0.0,1.0,0.0,0.0,0.0,86000000,560100000,560100000,0.0,9100000.0,103900000,0.168724,19900000,0.032316,0.0,19900000,0.032316,5200000.0,89600000,0.145502,1.64404,1.64404,54500000,54500000,https://www.sec.gov/Archives/edgar/data/944695/000119312504132211/d10q.htm,https://www.sec.gov/Archives/edgar/data/944695/000119312504132211/d10q.htm
0,2004-03-31,THG,2004-05-06,2004-05-06 17:02:24,Q1,26300000,0.0,0.0,1.0,0.0,0.0,0.0,135500000,753400000,753400000,0.0,9900000.0,-1400000.0,-0.053232,45900000,1.745247,0.0,45900000,1.745247,-23400000,12100000,0.460076,0.22533,0.22533,53700000,53700000,https://www.sec.gov/Archives/edgar/data/944695/000119312504080701/d10q.htm,https://www.sec.gov/Archives/edgar/data/944695/000119312504080701/d10q.htm
0,2003-12-31,THG,,,Q4,115400000,0.0,0.0,0.0,0.0,0.0,0.0,157500000,792300000,792300000,0.0,11799999.999999996,20199999.999999996,0.175043,8400000.0,0.07279,0.0,8400000.0,0.07279,-5600000.0,14000000,0.121317,0.26168,0.26168,53500000,53500000,,
0,2003-09-30,THG,,,Q3,42700000,0.0,0.0,0.0,0.0,0.0,0.0,163400000,785300000,785300000,0.0,9400000.0,13300000,0.311475,3900000.0,0.091335,0.0,3900000.0,0.091335,-7500000.0,11400000,0.266979,0.21388,0.21388,53300000,53300000,,
0,2003-06-30,THG,,,Q2,48500000,0.0,0.0,0.0,0.0,0.0,0.0,156300000,799300000,799300000,0.0,7100000.0,31900000,0.657732,24800000,0.51134,0.0,24800000,0.51134,400000.0,24400000,0.503093,0.46038,0.46038,53000000,53000000,,
0,2003-03-31,THG,,,Q1,52200000,0.0,0.0,0.0,0.0,0.0,0.0,157800000,807200000,807200000,0.0,7500000.0,49900000,0.955939,42400000,0.812261,0.0,42400000,0.812261,5300000.0,37100000,0.710728,0.7,0.7,53000000,53000000,,
0,2002-12-31,THG,2003-03-27 00:00:00,2003-03-27 17:12:14,Q4,53300000,0.0,0.0,0.0,0.0,0.0,0.0,162700000,796100000,796100000,0.0,6600000.000000001,20500000,0.384615,17900000,0.335835,0.0,17900000,0.335835,-1000000.0,14900000,0.27955,0.28113,0.28113,53000000,53000000,https://www.sec.gov/Archives/edgar/data/944695/000092701603001434/0000927016-03-001434-index.html,https://www.sec.gov/Archives/edgar/data/944695/000092701603001434/d10k.txt
0,2002-09-30,THG,,,Q3,36600000,0.0,0.0,0.0,0.0,0.0,0.0,187200000,1346000000,1346000000,0.0,2400000.0000000005,-492700000,-13.461749,-491100000,-13.418033,0.0,-491100000,-13.418033,-181700000,-313400000,-8.562842,-5.92439,-5.92439,52900000,52900000,,
0,2002-06-30,THG,,,Q2,36400000,0.0,0.0,0.0,0.0,0.0,0.0,149700000,911500000,911500000,0.0,5100000.0,-112000000,-3.076923,-113100000,-3.107143,0.0,-113100000,-3.107143,-61600000,-55500000,-1.524725,-1.04915,-1.04915,52900000,52900000,,
0,2002-03-31,THG,,,Q1,32500000,0.0,0.0,0.0,0.0,0.0,0.0,152600000,784200000,784200000,0.0,6500000.0,63900000,1.966154,65100000,2.003077,0.0,65100000,2.003077,9500000.0,47900000,1.473846,0.90207,0.90207,53100000,53100000,,
0,2001-12-31,THG,,,Q4,31600000,0.0,0.0,0.0,0.0,0.0,0.0,157800000,953200000,953200000,0.0,8500000.0,-131000000,-4.14557,-135500000,-4.287975,0.0,-135500000,-4.287975,-68800000,-70700000,-2.237342,-1.33648,-1.33648,52900000,52900000,,
0,2001-09-30,THG,2001-11-14 00:00:00,2001-11-14 00:00:00,Q3,33400000,0.0,0.0,0.0,0.0,0.0,0.0,144600000,829200000,829200000,0.0,5600000.0,25400000,0.760479,23800000,0.712575,0.0,23800000,0.712575,-11400000,31200000,0.934132,0.58757,0.58757,53100000,53100000,https://www.sec.gov/Archives/edgar/data/944695/000092701601503801/0000927016-01-503801-index.html,https://www.sec.gov/Archives/edgar/data/944695/000092701601503801/d10q.txt
0,2001-06-30,THG,,,Q2,35600000,0.0,0.0,0.0,0.0,0.0,0.0,144400000,779700000,779700000,0.0,5300000.000000001,16800000,0.47191,15500000,0.435393,0.0,15500000,0.435393,-1700000.0,13200000,0.370787,0.24859,0.24859,53100000,53100000,,
0,2001-03-31,THG,,,Q1,33600000,0.0,0.0,0.0,0.0,0.0,0.0,138800000,809100000,809100000,0.0,3600000.0,33200000,0.988095,36800000,1.095238,0.0,36800000,1.095238,6400000.0,23200000,0.690476,0.43691,0.43691,53100000,53100000,,
0,2000-12-31,THG,,,Q4,31100000,0.0,0.0,0.0,0.0,0.0,0.0,129500000,756700000,756700000,0.0,4400000.000000002,37700000,1.212219,37300000,1.199357,0.0,37300000,1.199357,-26300000,59600000,1.916399,1.10987,1.10987,53700000,53700000,,
0,2000-09-30,THG,2000-11-14 00:00:00,2000-11-14 00:00:00,Q3,36200000,0.0,0.0,0.0,0.0,0.0,0.0,127000000,736200000,736200000,0.0,4499999.999999998,80100000,2.212707,79600000,2.198895,0.0,79600000,2.198895,13100000,62500000,1.726519,1.15955,1.15955,53900000,53900000,https://www.sec.gov/Archives/edgar/data/944695/000094469500000026/0000944695-00-000026-index.html,https://www.sec.gov/Archives/edgar/data/944695/000094469500000026/0000944695-00-000026-0001.txt
0,2000-06-30,THG,2000-08-14 00:00:00,2000-08-14 00:00:00,Q2,36200000,0.0,0.0,0.0,0.0,0.0,0.0,128200000,744000000,744000000,0.0,6200000.0,62200000,1.718232,60000000,1.657459,0.0,60000000,1.657459,8400000.0,47600000,1.314917,0.87985,0.87985,54100000,54100000,https://www.sec.gov/Archives/edgar/data/944695/000094469500000020/0000944695-00-000020-index.html,https://www.sec.gov/Archives/edgar/data/944695/000094469500000020/0000944695-00-000020-0001.txt
0,2000-03-31,THG,2000-05-15 00:00:00,2000-05-15 00:00:00,Q1,34500000,0.0,0.0,0.0,0.0,0.0,0.0,120300000,727200000,727200000,0.0,7700000.0,45400000,1.315942,41700000,1.208696,0.0,41700000,1.208696,7500000.0,30200000,0.875362,0.55617,0.55617,54300000,54300000,https://www.sec.gov/Archives/edgar/data/944695/000094469500000011/0000944695-00-000011-index.html,https://www.sec.gov/Archives/edgar/data/944695/0000944695-00-000011.txt
0,1999-12-31,THG,,,Q4,38100000,0.0,0.0,0.0,0.0,0.0,0.0,120300000,667300000,667300000,0.0,8400000.000000002,99600000,2.614173,95200000,2.498688,0.0,95200000,2.498688,22800000,68400000,1.795276,1.25505,1.25505,54500000,54500000,,
0,1999-09-30,THG,,,Q3,32900000,0.0,0.0,0.0,0.0,0.0,0.0,120500000,684200000,684200000,0.0,8000000.0,35500000,1.079027,77500000,2.355623,0.0,77500000,2.355623,14400000,13100000,0.398176,0.23949,0.23949,54700000,54700000,,
0,1999-06-30,THG,,,Q2,28800000,0.0,0.0,0.0,0.0,0.0,0.0,119900000,672000000,672000000,0.0,9000000.0,91200000,3.166667,92800000,3.222222,0.0,92800000,3.222222,22000000,60200000,2.090278,1.09256,1.09256,55100000,55100000,,
0,1999-03-31,THG,,,Q1,28900000,0.0,0.0,0.0,0.0,0.0,0.0,117800000,653700000,653700000,0.0,8800000.0,210600000,7.287197,202500000,7.00692,0.0,202500000,7.00692,47700000,154100000,5.33218,2.67071,2.67071,57700000,57700000,,
0,1998-12-31,THG,,,Q4,30800000,0.0,0.0,0.0,0.0,0.0,0.0,122400000,679000000,679000000,0.0,-2400000.000000002,79700000,2.587662,89900000,2.918831,0.0,89900000,2.918831,16200000,65900000,2.13961,1.10201,1.10201,59800000,59800000,,
0,1998-09-30,THG,,,Q3,24500000,0.0,0.0,0.0,0.0,0.0,0.0,105900000,711800000,711800000,0.0,8200000.0,16100000,0.657143,33200000,1.355102,0.0,33200000,1.355102,-300000.0,8200000.0,0.334694,0.13531,0.13531,60600000,60600000,,
0,1998-06-30,THG,,,Q2,25100000,0.0,0.0,0.0,0.0,0.0,0.0,104800000,674800000,674800000,0.0,8400000.000000002,86300000,3.438247,82600000,3.290837,0.0,82600000,3.290837,17600000,60300000,2.40239,0.99669,0.99669,60500000,60500000,,
0,1998-03-31,THG,,,Q1,22800000,0.0,0.0,0.0,0.0,0.0,0.0,107200000,668300000,668300000,0.0,7700000.0,97100000,4.258772,94400000,4.140351,0.0,94400000,4.140351,22600000,66800000,2.929825,1.10779,1.10779,60300000,60300000,,
0,1997-12-31,THG,,,Q4,31200000,0.0,0.0,0.0,0.0,0.0,0.0,151600000,707300000,707300000,0.0,11100000.000000002,146600000,4.698718,145200000,4.653846,0.0,145200000,4.653846,40600000,94900000,3.041667,1.58167,1.58167,60000000,60000000,,
0,1997-09-30,THG,,,Q3,29500000,0.0,0.0,0.0,0.0,0.0,0.0,136300000,765600000,765600000,0.0,6800000.000000001,91500000,3.101695,90100000,3.054237,0.0,90100000,3.054237,24000000,60700000,2.057627,1.03938,1.03938,58400000,58400000,,
0,1997-06-30,THG,,,Q2,26400000,0.0,0.0,0.0,0.0,0.0,0.0,130700000,754700000,754700000,0.0,7399999.999999999,64400000,2.439394,76200000,2.886364,0.0,76200000,2.886364,19300000,37700000,1.42803,0.7495,0.7495,50300000,50300000,,
0,1997-03-31,THG,,,Q1,30500000,0.0,0.0,0.0,0.0,0.0,0.0,141100000,802500000,802500000,0.0,6300000.0,31900000,1.045902,54000000,1.770492,0.0,54000000,1.770492,9700000.0,15900000,0.521311,0.31673,0.31673,50200000,50200000,,
0,1996-12-31,THG,,,Q4,22900000,0.0,0.0,0.0,0.0,0.0,0.0,150600000,759000000,759000000,0.0,10400000.000000006,72900000,3.183406,77500000,3.384279,0.0,77500000,3.384279,17200000,45300000,1.978166,0.90419,0.90419,50100000,50100000,,
0,1996-09-30,THG,1996-11-14 00:00:00,1996-11-14 00:00:00,Q3,26900000,0.0,0.0,0.0,0.0,0.0,0.0,130400000,718100000,718100000,0.0,34300000,102200000,3.799257,89100000,3.312268,0.0,89100000,3.312268,21200000,46700000,1.736059,0.93214,0.93214,50100000,50100000,https://www.sec.gov/Archives/edgar/data/944695/000094469596000028/0000944695-96-000028-index.html,https://www.sec.gov/Archives/edgar/data/944695/0000944695-96-000028.txt
0,1996-06-30,THG,,,Q2,27900000,0.0,0.0,0.0,0.0,0.0,0.0,127100000,730300000,730300000,0.0,0.0,55200000,1.978495,68900000,2.469534,0.0,68900000,2.469534,12600000,42600000,1.526882,0.8503,0.8503,50100000,50100000,,
