,date,symbol,fillingDate,acceptedDate,period,revenue,costOfRevenue,grossProfit,grossProfitRatio,researchAndDevelopmentExpenses,generalAndAdministrativeExpenses,sellingAndMarketingExpenses,otherExpenses,operatingExpenses,costAndExpenses,interestExpense,depreciationAndAmortization,ebitda,ebitdaratio,operatingIncome,operatingIncomeRatio,totalOtherIncomeExpensesNet,incomeBeforeTax,incomeBeforeTaxRatio,incomeTaxExpense,netIncome,netIncomeRatio,eps,epsdiluted,weightedAverageShsOut,weightedAverageShsOutDil,link,finalLink
0,2020-06-30,GARS,2020-08-10 00:00:00,2020-08-10 16:58:15,Q2,7441000.0,3340000.0,4101000.0,0.551136,0.0,1294000.0,0.0,1033000.0,3341000.0,6681000.0,-3470000.0,0.0,-6180000.0,-0.830534,760000.0,0.102137,0.0,-2710000.0,-0.364198,0.0,-2710000.0,-0.364198,-0.16885,-0.16885,16049350,16049350,https://www.sec.gov/Archives/edgar/data/1509892/000156459020038982/0001564590-20-038982-index.htm,https://www.sec.gov/Archives/edgar/data/1509892/000156459020038982/gars-10q_20200630.htm
0,2020-03-31,GARS,2020-05-11 00:00:00,2020-05-11 17:14:50,Q1,8038000.0,4304000.0,3734000.0,0.464543,0.0,976000.0,0.0,358000.0,1875999.9999999993,6179999.999999999,-3004000.0,0.0,-31406000,-3.907191,1858000.0,0.231152,0.0,-28402000,-3.533466,0.0,-28402000,-3.533466,-1.76967,-1.76967,16049350,16049350,https://www.sec.gov/Archives/edgar/data/1509892/000156459020024362/0001564590-20-024362-index.htm,https://www.sec.gov/Archives/edgar/data/1509892/000156459020024362/gars-10q_20200331.htm
0,2019-12-31,GARS,2020-03-16 00:00:00,2020-03-16 17:02:23,Q4,9073000.0,4661000.0,4412000.0,0.486278,0.0,1549000.0,0.0,377000.0,2417000.000000001,7078000.000000001,-8211000.0,0.0,-14427000,-1.590103,1995000.0,0.219883,0.0,-6216000.0,-0.68511,0.0,-6216000.0,-0.68511,-0.38731,-0.38731,16049350,16049350,https://www.sec.gov/Archives/edgar/data/1509892/000156459020011194/0001564590-20-011194-index.html,https://www.sec.gov/Archives/edgar/data/1509892/000156459020011194/gars-10k_20191231.htm
0,2019-09-30,GARS,2019-11-12 00:00:00,2019-11-12 16:33:06,Q3,9713000.0,5277000.0,4436000.0,0.456708,0.0,688000.0,0.0,325000.0,1013000.0,6290000.0,-19889000,0.0,-36355000,-3.742922,3423000.0,0.352414,0.0,-16466000,-1.695254,0.0,-16466000,-1.695254,-1.02596,-1.02596,16049350,16049350,https://www.sec.gov/Archives/edgar/data/1509892/000156459019042970/0001564590-19-042970-index.html,https://www.sec.gov/Archives/edgar/data/1509892/000156459019042970/gars-10q_20190930.htm
0,2019-06-30,GARS,2019-08-09 00:00:00,2019-08-09 16:11:27,Q2,10704000,6083000.0,4621000.0,0.431708,0.0,714000.0,0.0,433000.0,1147000.0000000002,7230000.0,-2081000.0,0.0,-688000.0,-0.064275,3474000.0,0.324552,0.0,1393000.0,0.130138,0.0,1393000.0,0.130138,0.08679,0.08679,16049350,16049350,https://www.sec.gov/Archives/edgar/data/1509892/000156459019031259/0001564590-19-031259-index.html,https://www.sec.gov/Archives/edgar/data/1509892/000156459019031259/gars-10q_20190630.htm
0,2019-03-31,GARS,2019-05-07 00:00:00,2019-05-07 17:01:18,Q1,10229000,5639000.0,4590000.0,0.448724,0.0,851000.0,0.0,492000.0,1343000.0,6982000.0,-837000.0,0.0,1573000.0,0.153778,3247000.0,0.317431,0.0,2410000.0,0.235605,0.0,2410000.0,0.235605,0.15016,0.15016,16049350,16049350,https://www.sec.gov/Archives/edgar/data/1509892/000156459019016605/0001564590-19-016605-index.html,https://www.sec.gov/Archives/edgar/data/1509892/000156459019016605/gars-10q_20190331.htm
0,2018-12-31,GARS,2019-03-05 00:00:00,2019-03-05 16:58:42,Q4,9560000.0,5253000.0,4307000.0,0.450523,0.0,775000.0,0.0,372000.0,3365000.0,8618000.0,-8874000.0,0.0,-16806000,-1.75795,942000.0,0.098536,0.0,-7932000.0,-0.829707,0.0,-7932000.0,-0.829707,-0.49423,-0.49423,16049350,16049350,https://www.sec.gov/Archives/edgar/data/1509892/000156459019006304/0001564590-19-006304-index.html,https://www.sec.gov/Archives/edgar/data/1509892/000156459019006304/gars-10k_20181231.htm
0,2018-09-30,GARS,2018-11-06 00:00:00,2018-11-06 16:31:29,Q3,9312000.0,4485000.0,4827000.0,0.518363,0.0,743000.0,0.0,350000.0,1093000.0,5578000.0,-2245000.0,0.0,-756000.0,-0.081186,3734000.0,0.400988,0.0,1489000.0,0.159901,0.0,1489000.0,0.159901,0.09278,0.09278,16049350,16049350,https://www.sec.gov/Archives/edgar/data/1509892/000156459018027456/0001564590-18-027456-index.html,https://www.sec.gov/Archives/edgar/data/1509892/000156459018027456/gars-10q_20180930.htm
0,2018-06-30,GARS,2018-08-07 00:00:00,2018-08-07 17:01:01,Q2,9690000.0,4270000.0,5420000.0,0.55934,0.0,670000.0,0.0,370000.0,1030000.0000000002,5300000.0,-1540000.0,0.0,1300000.0,0.134159,4380000.0,0.452012,10000.0,2840000.0,0.293086,0.0,2840000.0,0.293086,0.17695,0.17695,16050000,16050000,https://www.sec.gov/Archives/edgar/data/1509892/000156459018020015/0001564590-18-020015-index.html,https://www.sec.gov/Archives/edgar/data/1509892/000156459018020015/gars-10q_20180630.htm
0,2018-03-31,GARS,2018-05-08 00:00:00,2018-05-08 16:51:26,Q1,10220000,4050000.0,6180000.0,0.604697,0.0,670000.0,0.0,590000.0,1259999.9999999998,5310000.0,-2890000.0,0.0,-860000.0,-0.084149,4910000.0,0.480431,10000.0,2030000.0,0.19863,0.0,2030000.0,0.19863,0.12648,0.12648,16050000,16050000,https://www.sec.gov/Archives/edgar/data/1509892/000156459018011906/0001564590-18-011906-index.html,https://www.sec.gov/Archives/edgar/data/1509892/000156459018011906/gars-10q_20180331.htm
0,2017-12-31,GARS,2018-03-06 00:00:00,2018-03-06 17:03:05,Q4,9690000.0,3770000.0,5920000.0,0.610939,0.0,880000.0,0.0,770000.0,1650000.0,5420000.0,-550000.0,0.0,3170000.0,0.327141,4270000.0,0.44066,-20000.0,3720000.0,0.383901,0.0,3720000.0,0.383901,0.23178,0.23178,16050000,16050000,https://www.sec.gov/Archives/edgar/data/1509892/000156459018004557/0001564590-18-004557-index.html,https://www.sec.gov/Archives/edgar/data/1509892/000156459018004557/gars-10k_20171231.htm
0,2017-09-30,GARS,2017-11-07 00:00:00,2017-11-07 16:58:43,Q3,8900000.0,3590000.0,5310000.0,0.596629,0.0,640000.0,0.0,490000.0,1130000.0,4720000.0,240000.0,0.0,4660000.0,0.523596,4190000.0,0.470787,10000.0,4420000.0,0.496629,0.0,4420000.0,0.496629,0.27539,0.27539,16050000,16050000,https://www.sec.gov/Archives/edgar/data/1509892/000156459017022317/0001564590-17-022317-index.html,https://www.sec.gov/Archives/edgar/data/1509892/000156459017022317/gars-10q_20170930.htm
0,2017-06-30,GARS,2017-08-08 00:00:00,2017-08-08 16:40:30,Q2,9030000.0,3510000.0,5520000.0,0.611296,0.0,460000.0,0.0,470000.0,940000.0000000003,4450000.0,-2510000.0,0.0,-430000.0,-0.047619,4590000.0,0.508306,20000.0,2080000.0,0.230343,0.0,2080000.0,0.230343,0.1296,0.1296,16050000,16050000,https://www.sec.gov/Archives/edgar/data/1509892/000117184317004853/0001171843-17-004853-index.html,https://www.sec.gov/Archives/edgar/data/1509892/000117184317004853/f10q_080817.htm
0,2017-03-31,GARS,2017-05-09 00:00:00,2017-05-09 16:47:25,Q1,8990000.0,3490000.0,5500000.0,0.611791,0.0,630000.0,0.0,690000.0,1319999.9999999993,4809999.999999999,-8180000.0,0.0,-12170000,-1.353726,4190000.0,0.466073,20000.0,-3990000.0,-0.443826,0.0,-3990000.0,-0.443826,-0.2486,-0.2486,16050000,16050000,https://www.sec.gov/Archives/edgar/data/1509892/000117184317002863/0001171843-17-002863-index.html,https://www.sec.gov/Archives/edgar/data/1509892/000117184317002863/f10q_050917.htm
0,2016-12-31,GARS,2017-03-07 00:00:00,2017-03-07 17:12:19,Q4,9650000.0,3600000.0,6050000.0,0.626943,0.0,600000.0,0.0,520000.0,1119999.9999999998,4720000.0,-2080000.0,0.0,770000.0,0.079793,4930000.0,0.510881,20000.0,2850000.0,0.295337,0.0,2850000.0,0.295337,0.17757,0.17757,16050000,16050000,https://www.sec.gov/Archives/edgar/data/1509892/000117184317001327/0001171843-17-001327-index.html,https://www.sec.gov/Archives/edgar/data/1509892/000117184317001327/f10k_030717.htm
0,2016-09-30,GARS,2016-11-09 00:00:00,2016-11-09 17:02:16,Q3,11110000,5470000.0,5640000.0,0.507651,0.0,760000.0,0.0,510000.0,3100000.0000000005,8570000.0,-3630000.0,0.0,-4720000.0,-0.424842,2540000.0,0.228623,-70000.0,-1090000.0,-0.09811,0.0,-1090000.0,-0.09811,-0.06787,-0.06787,16060000,16060000,https://www.sec.gov/Archives/edgar/data/1509892/000117184316013097/0001171843-16-013097-index.html,https://www.sec.gov/Archives/edgar/data/1509892/000117184316013097/f10q_110916.htm
0,2016-06-30,GARS,,,Q2,11140000,3900000.0,7240000.0,0.64991,0.0,890000.0,0.0,590000.0,1480000.0,5380000.0,-9630000.0,0.0,-13510000,-1.212747,5760000.0,0.517056,50000.0,-3880000.0,-0.348294,0.0,-3880000.0,-0.348294,-0.24099,-0.24099,16100000,16100000,,
0,2016-03-31,GARS,2016-05-09 00:00:00,2016-05-09 17:38:04,Q1,11060000,3860000.0,7200000.0,0.650995,0.0,760000.0,0.0,580000.0,1340000.0000000002,5200000.0,-8560000.0,0.0,-11260000,-1.018083,5860000.0,0.529837,50000.0,-2700000.0,-0.244123,0.0,-2700000.0,-0.244123,-0.16544,-0.16544,16320000,16320000,https://www.sec.gov/Archives/edgar/data/1509892/000117184316009837/0001171843-16-009837-index.html,https://www.sec.gov/Archives/edgar/data/1509892/000117184316009837/f10q_050416.htm
0,2015-12-31,GARS,2016-03-02 00:00:00,2016-03-02 17:24:36,Q4,11480000,4220000.0,7260000.0,0.632404,0.0,690000.0,0.0,730000.0,1420000.0,5640000.0,-17110000,0.0,-28380000,-2.472125,5840000.0,0.508711,190000.0,-11270000,-0.981707,0.0,-11270000,-0.981707,-0.67525,-0.67525,16690000,16690000,https://www.sec.gov/Archives/edgar/data/1509892/000117184316008321/0001171843-16-008321-index.html,https://www.sec.gov/Archives/edgar/data/1509892/000117184316008321/f10k_030216.htm
0,2015-09-30,GARS,2015-11-04 00:00:00,2015-11-04 17:20:39,Q3,13210000,3750000.0,9460000.0,0.716124,0.0,740000.0,0.0,480000.0,1210000.0,4960000.0,-8490000.0,0.0,-8730000.0,-0.660863,8240000.0,0.62377,-10000.0,-240000.0,-0.018168,0.0,-240000.0,-0.018168,-0.01432,-0.01432,16760000,16760000,https://www.sec.gov/Archives/edgar/data/1509892/000117184315006003/0001171843-15-006003-index.html,https://www.sec.gov/Archives/edgar/data/1509892/000117184315006003/gff10q_110215.htm
0,2015-06-30,GARS,2015-08-04 00:00:00,2015-08-04 17:10:47,Q2,13150000,3820000.0,9340000.0,0.710266,0.0,670000.0,0.0,480000.0,1150000.0,4970000.0,-3300000.0,0.0,1580000.0,0.120152,8180000.0,0.622053,-40000.0,4880000.0,0.371103,0.0,4880000.0,0.371103,0.28808,0.28808,16940000,16940000,https://www.sec.gov/Archives/edgar/data/1509892/000117184315004314/0001171843-15-004314-index.html,https://www.sec.gov/Archives/edgar/data/1509892/000117184315004314/gff10q_080415.htm
0,2015-03-31,GARS,2015-05-05 00:00:00,2015-05-05 17:31:08,Q1,13480000,4530000.0,8940000.0,0.663205,0.0,660000.0,0.0,600000.0,1269999.9999999995,5800000.0,-4710000.0,0.0,-1740000.0,-0.12908,7680000.0,0.569733,50000.0,2970000.0,0.220326,0.0,2970000.0,0.220326,0.17721,0.17721,16760000,16760000,https://www.sec.gov/Archives/edgar/data/1509892/000117184315002511/0001171843-15-002511-index.html,https://www.sec.gov/Archives/edgar/data/1509892/000117184315002511/f10q_050515.htm
0,2014-12-31,GARS,,,Q4,13390000,5340000.0,8040000.0,0.600448,0.0,480000.0,0.0,680000.0,1160000.0,6500000.0,-1210000.0,0.0,4460000.0,0.333084,6880000.0,0.513816,-70000.0,5670000.0,0.42345,0.0,5670000.0,0.42345,0.33831,0.33831,16760000,16760000,,
0,2014-09-30,GARS,2014-11-05 00:00:00,2014-11-05 17:06:43,Q3,12940000,5300000.0,7640000.0,0.590417,0.0,510000.0,0.0,630000.0,1380000.0,6680000.0,-1180000.0,0.0,3900000.0,0.301391,6260000.0,0.483771,0.0,5080000.0,0.392581,0.0,5080000.0,0.392581,0.3031,0.3031,16760000,16760000,https://www.sec.gov/Archives/edgar/data/1509892/000114420414065336/0001144204-14-065336-index.html,https://www.sec.gov/Archives/edgar/data/1509892/000114420414065336/v391256_10q.htm
0,2014-06-30,GARS,2014-08-06 00:00:00,2014-08-06 17:23:27,Q2,12850000,5810000.0,7030000.0,0.547082,0.0,550000.0,0.0,500000.0,1060000.0000000005,6870000.000000001,3080000.0,0.0,12140000,0.944747,5980000.0,0.46537,0.0,9060000.0,0.705058,0.0,9060000.0,0.705058,0.54057,0.54057,16760000,16760000,https://www.sec.gov/Archives/edgar/data/1509892/000114420414047422/0001144204-14-047422-index.html,https://www.sec.gov/Archives/edgar/data/1509892/000114420414047422/v383871_10q.htm
0,2014-03-31,GARS,2014-05-12 00:00:00,2014-05-09 18:04:35,Q1,11280000,7310000.0,3970000.0,0.35195,0.0,700000.0,0.0,380000.0,1080000.000000001,8390000.000000002,7790000.0,0.0,18470000,1.637411,2890000.0,0.256206,0.0,10680000,0.946809,0.0,10680000,0.946809,0.63723,0.63723,16760000,16760000,https://www.sec.gov/Archives/edgar/data/1509892/000114420414029185/0001144204-14-029185-index.html,https://www.sec.gov/Archives/edgar/data/1509892/000114420414029185/v376531_10q.htm
0,2013-12-31,GARS,,,Q4,11380000,4690000.0,6690000.0,0.587873,0.0,780000.0,0.0,580000.0,1359999.9999999993,6049999.999999999,1340000.0,0.0,8010000.0,0.703866,5330000.0,0.468366,0.0,6670000.0,0.586116,0.0,6670000.0,0.586116,0.39702,0.39702,16800000,16800000,,
0,2013-09-30,GARS,2013-11-07 00:00:00,2013-11-06 19:49:26,Q3,9340000.0,1900000.0,7440000.0,0.796574,0.0,670000.0,0.0,430000.0,1520000.0,3420000.0,840000.0,0.0,7590000.0,0.812634,5910000.0,0.632762,0.0,6750000.0,0.722698,0.0,6750000.0,0.722698,0.40274,0.40274,16760000,16760000,https://www.sec.gov/Archives/edgar/data/1509892/000114420413059358/0001144204-13-059358-index.html,https://www.sec.gov/Archives/edgar/data/1509892/000114420413059358/v358295_10q.htm
0,2013-06-30,GARS,2013-08-08 00:00:00,2013-08-08 17:23:45,Q2,7610000.0,1620000.0,5990000.0,0.787122,0.0,670000.0,0.0,280000.0,940000.0,2560000.0,1750000.0,0.0,8550000.0,1.123522,5050000.0,0.663601,0.0,6800000.0,0.893561,0.0,6800000.0,0.893561,0.40743,0.40743,16690000,16690000,https://www.sec.gov/Archives/edgar/data/1509892/000114420413044061/0001144204-13-044061-index.html,https://www.sec.gov/Archives/edgar/data/1509892/000114420413044061/v351860_10q.htm
