,date,symbol,fillingDate,acceptedDate,period,revenue,costOfRevenue,grossProfit,grossProfitRatio,researchAndDevelopmentExpenses,generalAndAdministrativeExpenses,sellingAndMarketingExpenses,otherExpenses,operatingExpenses,costAndExpenses,interestExpense,depreciationAndAmortization,ebitda,ebitdaratio,operatingIncome,operatingIncomeRatio,totalOtherIncomeExpensesNet,incomeBeforeTax,incomeBeforeTaxRatio,incomeTaxExpense,netIncome,netIncomeRatio,eps,epsdiluted,weightedAverageShsOut,weightedAverageShsOutDil,link,finalLink
0,2020-02-29,EMF,,,Q1,2867490.0,2073420.0,794070.0,0.276922,0.0,74240.0,0.0,-9800.0,64449.9999999999,2137870.0,15553290,0.0,31836210,11.102466,729620.0,0.254446,0.0,16282920,5.678457,0.0,16282920,5.678457,0.98386,0.98386,16550010,16550010,,
0,2019-08-31,EMF,,,Q4,5211450.0,2265620.0,2945830.0,0.565261,0.0,130840.0,0.0,-10900.0,119939.99999999971,2385559.9999999995,-8111000.0,0.0,-13396110,-2.570515,2825890.0,0.542246,0.0,-5285110.0,-1.014134,0.0,-5285110.0,-1.014134,-0.31768,-0.31768,16636510,16636510,,
0,2019-02-28,EMF,,,Q3,2631630.0,1858970.0,772660.0,0.293605,0.0,73470.0,0.0,-8270.0,65209.99999999999,1924180.0,3411890.0,0.0,7531230.0,2.861812,707450.0,0.268826,0.0,4119340.0,1.565319,0.0,4119340.0,1.565319,0.2456,0.2456,16772720,16772720,,
0,2018-08-31,EMF,,,Q2,4203360.0,2038350.0,2165010.0,0.515067,0.0,97260.0,0.0,14470.0,111730.00000000012,2150080.0,-36309860,0.0,-70566430,-16.7881,2053280.0,0.488485,0.0,-34256570,-8.149806,0.0,-34256570,-8.149806,-2.0659,-2.0659,16581910,16581910,,
0,2018-02-28,EMF,,,Q1,2655800.0,2140630.0,515170.0,0.193979,0.0,67490.0,0.0,6610.0,74110.00000000012,2214740.0,27984500,0.0,56410060,21.240327,441060.0,0.166074,0.0,28425560,10.703201,0.0,28425560,10.703201,1.63425,1.63425,17393640,17393640,,
0,2017-08-31,EMF,,,Q4,4098540.0,1933020.0,2165520.0,0.528364,0.0,83200.0,0.0,4070.0,87270.00000000017,2020290.0000000002,52824530,0.0,107727310,26.284313,2078250.0,0.507071,0.0,54902780,13.395692,0.0,54902780,13.395692,3.15682,3.15682,17391800,17391800,,
0,2017-02-28,EMF,,,Q3,2460000.0,1660000.0,810000.0,0.329268,0.0,70000.0,0.0,0.0,60000.00000000005,1720000.0,24540000,0.0,49830000,20.256098,740000.0,0.300813,-10000.0,25290000,10.280488,0.0,25290000,10.280488,1.43205,1.43205,17660000,17660000,,
0,2016-08-31,EMF,,,Q2,3340000.0,1510000.0,1830000.0,0.547904,0.0,50000.0,0.0,0.0,50000.000000000044,1560000.0,54820000,0.0,111430000,33.362275,1780000.0,0.532934,-20000.0,56610000,16.949102,0.0,56610000,16.949102,3.14325,3.14325,18010000,18010000,,
0,2016-02-29,EMF,,,Q1,3070000.0,1440000.0,1630000.0,0.530945,0.0,70000.0,0.0,0.0,70000.00000000006,1510000.0,-24800000,0.0,-48050000,-15.651466,1560000.0,0.508143,-10000.0,-23250000,-7.57329,0.0,-23250000,-7.57329,-1.29095,-1.29095,18010000,18010000,,
0,2015-08-31,EMF,,,Q4,4640000.0,1960000.0,2680000.0,0.577586,0.0,70000.0,0.0,10000.0,80000.00000000007,2040000.0,-78290000,0.0,-153990000,-33.1875,2600000.0,0.560345,0.0,-75700000,-16.314655,0.0,-75700000,-16.314655,-4.20322,-4.20322,18010000,18010000,,
0,2015-02-28,EMF,,,Q3,3360000.0,2160000.0,1210000.0,0.360119,0.0,80000.0,0.0,10000.0,89999.99999999985,2250000.0,-40420000,0.0,-79720000,-23.72619,1120000.0,0.333333,-10000.0,-39300000,-11.696429,0.0,-39300000,-11.696429,-2.18212,-2.18212,18010000,18010000,,
0,2014-08-31,EMF,,,Q2,6530000.0,2300000.0,4230000.0,0.647779,0.0,90000.0,0.0,10000.0,90000.0000000003,2390000.0000000005,54720000,0.0,113570000,17.392037,4130000.0,0.632466,0.0,58850000,9.012251,0.0,58850000,9.012251,3.26763,3.26763,18010000,18010000,,
0,2014-02-28,EMF,,,Q1,3460000.0,2290000.0,1160000.0,0.33526,0.0,80000.0,0.0,10000.0,100000.00000000009,2390000.0,5200000.0,0.0,11470000,3.315029,1070000.0,0.309249,0.0,6270000.0,1.812139,0.0,6270000.0,1.812139,0.34814,0.34814,18010000,18010000,,
0,2013-08-31,EMF,,,Q4,6820000.0,2290000.0,4530000.0,0.664223,0.0,290000.0,0.0,10000.0,310000.00000000006,2600000.0,-65590000,0.0,-126950000,-18.61437,4230000.0,0.620235,0.0,-61360000,-8.997067,0.0,-61360000,-8.997067,-3.40322,-3.40322,18030000,18030000,,
0,2013-02-28,EMF,,,Q3,3080000.0,2200000.0,880000.0,0.285714,0.0,370000.0,0.0,10000.0,379999.9999999999,2580000.0,64520000,0.0,129540000,42.058442,500000.0,0.162338,0.0,65020000,21.11039,0.0,65020000,21.11039,3.60222,3.60222,18050000,18050000,,
0,2012-08-31,EMF,,,Q2,6850000.0,120000.0,6720000.0,0.981022,0.0,350000.0,0.0,1990000.0,2340000.0,2460000.0,-58250000,0.0,-112110000,-16.366423,4380000.0,0.639416,1970000.0,-53860000,-7.862774,0.0,-53860000,-7.862774,-2.97734,-2.97734,18090000,18090000,,
0,2012-02-29,EMF,,,Q1,3220000.0,2130000.0,1090000.0,0.338509,0.0,350000.0,0.0,10000.0,360000.0000000003,2490000.0000000005,9880000.0,0.0,20480000,6.360248,730000.0,0.226708,0.0,10600000,3.291925,0.0,10600000,3.291925,0.58596,0.58596,18090000,18090000,,
0,2011-08-31,EMF,,,Q4,7390000.0,2630000.0,4760000.0,0.644114,0.0,400000.0,0.0,10000.0,410000.0000000001,3040000.0,-23990000,0.0,-43620000,-5.902571,4350000.0,0.588633,0.0,-19630000,-2.656292,0.0,-19630000,-2.656292,-1.08513,-1.08513,18090000,18090000,,
0,2011-02-28,EMF,,,Q3,2730000.0,2740000.0,-10000.0,-0.003663,0.0,390000.0,0.0,10000.0,399999.9999999999,3140000.0,64740000,0.0,129070000,47.278388,-410000.0,-0.150183,0.0,64330000,23.564103,0.0,64330000,23.564103,3.55611,3.55611,18090000,18090000,,
0,2010-08-31,EMF,,,Q2,5790000.0,2390000.0,3400000.0,0.587219,0.0,400000.0,0.0,10000.0,409999.9999999997,2799999.9999999995,15930000,0.0,34850000,6.018998,2990000.0,0.516408,0.0,18920000,3.267703,0.0,18920000,3.267703,1.04588,1.04588,18090000,18090000,,
0,2010-02-28,EMF,,,Q1,2240000.0,2200000.0,40000.0,0.017857,0.0,330000.0,0.0,10000.0,329999.9999999996,2529999.9999999995,55570000,0.0,110840000,49.482143,-300000.0,-0.133929,0.0,55270000,24.674107,0.0,55270000,24.674107,3.05528,3.05528,18090000,18090000,,
0,2009-08-31,EMF,,,Q4,4270000.0,1570000.0,2700000.0,0.632319,0.0,270000.0,0.0,20000.0,290000.00000000006,1860000.0,125260000,0.0,252940000,59.236534,2420000.0,0.566745,0.0,127680000,29.901639,0.0,127680000,29.901639,7.06586,7.06586,18070000,18070000,,
0,2009-02-28,EMF,,,Q3,2580000.0,1340000.0,1240000.0,0.48062,0.0,220000.0,0.0,10000.0,229999.99999999997,1570000.0,-164590000,0.0,-328180000,-127.20155,1000000.0,0.387597,0.0,-163590000,-63.406977,0.0,-163590000,-63.406977,-9.05313,-9.05313,18070000,18070000,,
0,2008-08-31,EMF,,,Q2,8090000.0,2750000.0,5340000.0,0.660074,0.0,400000.0,0.0,10000.0,399999.9999999999,3150000.0,-90950000,0.0,-176970000,-21.875155,4930000.0,0.609394,0.0,-86020000,-10.63288,0.0,-86020000,-10.63288,-4.76038,-4.76038,18070000,18070000,,
0,2008-02-29,EMF,,,Q1,4000000.0,3030000.0,960000.0,0.24,0.0,450000.0,0.0,10000.0,460000.0000000004,3490000.0000000005,51860000,0.0,104230000,26.0575,510000.0,0.1275,0.0,52370000,13.0925,0.0,52370000,13.0925,2.89817,2.89817,18070000,18070000,,
0,2007-08-31,EMF,,,Q4,7700000.0,2510000.0,5200000.0,0.675325,0.0,390000.0,0.0,0.0,390000.0000000001,2900000.0,92330000,0.0,189470000,24.606494,4800000.0,0.623377,0.0,97140000,12.615584,0.0,97140000,12.615584,5.37576,5.37576,18070000,18070000,,
0,2007-02-28,EMF,,,Q3,4660000.0,2360000.0,2300000.0,0.493562,0.0,340000.0,0.0,10000.0,350000.0000000001,2710000.0,42110000,0.0,86160000,18.48927,1950000.0,0.418455,0.0,44050000,9.45279,0.0,44050000,9.45279,2.43774,2.43774,18070000,18070000,,
0,2006-08-31,EMF,,,Q2,8140000.0,2480000.0,5660000.0,0.695332,0.0,410000.0,0.0,30000.0,430000.0000000002,2910000.0,46260000,0.0,97750000,12.0086,5230000.0,0.642506,0.0,51490000,6.325553,0.0,51490000,6.325553,2.88783,2.88783,17830000,17830000,,
0,2006-02-28,EMF,,,Q1,3180000.0,2300000.0,880000.0,0.27673,0.0,300000.0,0.0,0.0,300000.0000000003,2600000.0000000005,29200000,0.0,58970000,18.544025,580000.0,0.18239,0.0,29770000,9.361635,0.0,29770000,9.361635,1.66966,1.66966,17830000,17830000,,
0,2005-08-31,EMF,,,Q4,7070000.0,2040000.0,5030000.0,0.711457,0.0,370000.0,0.0,10000.0,379999.9999999999,2420000.0,7400000.0,0.0,19450000,2.751061,4650000.0,0.657709,0.0,12050000,1.704385,0.0,12050000,1.704385,0.68079,0.68079,17700000,17700000,,
0,2005-02-28,EMF,,,Q3,3110000.0,1790000.0,1320000.0,0.424437,0.0,260000.0,0.0,10000.0,270000.0,2060000.0,72390000,0.0,145830000,46.890675,1050000.0,0.337621,0.0,73440000,23.614148,0.0,73440000,23.614148,4.14915,4.14915,17700000,17700000,,
0,2004-08-31,EMF,,,Q2,5200000.0,1630000.0,3570000.0,0.686538,0.0,260000.0,0.0,10000.0,270000.0,1900000.0,-12050000,0.0,-20800000,-4.0,3300000.0,0.634615,0.0,-8750000.0,-1.682692,0.0,-8750000.0,-1.682692,-0.49491,-0.49491,17680000,17680000,,
0,2004-02-29,EMF,,,Q1,2340000.0,1520000.0,820000.0,0.350427,0.0,280000.0,0.0,0.0,280000.0,1800000.0,57800000,0.0,116140000,49.632479,540000.0,0.230769,0.0,58340000,24.931624,0.0,58340000,24.931624,3.29977,3.29977,17680000,17680000,,
0,2003-08-31,EMF,,,Q4,4000000.0,1210000.0,2800000.0,0.7,0.0,200000.0,0.0,10000.0,199999.99999999997,1410000.0,38030000,0.0,78650000,19.6625,2590000.0,0.6475,0.0,40620000,10.155,0.0,40620000,10.155,2.30011,2.30011,17660000,17660000,,
0,2003-02-28,EMF,,,Q3,2010000.0,1190000.0,830000.0,0.412935,0.0,330000.0,0.0,0.0,330000.00000000006,1520000.0,-2040000.0,0.0,-3580000.0,-1.781095,500000.0,0.248756,0.0,-1540000.0,-0.766169,0.0,-1540000.0,-0.766169,-0.0872,-0.0872,17660000,17660000,,
0,2002-08-31,EMF,,,Q2,3370000.0,1170000.0,2200000.0,0.652819,0.0,220000.0,0.0,20000.0,240000.0,1410000.0,-8590000.0,0.0,-15220000,-4.51632,1960000.0,0.581602,0.0,-6630000.0,-1.967359,0.0,-6630000.0,-1.967359,-0.37542,-0.37542,17660000,17660000,,
0,2002-02-28,EMF,,,Q1,1910000.0,1010000.0,900000.0,0.471204,0.0,170000.0,0.0,20000.0,189999.99999999994,1200000.0,6090000.0,0.0,12880000,6.743455,700000.0,0.366492,0.0,6790000.0,3.554974,0.0,6790000.0,3.554974,0.38448,0.38448,17660000,17660000,,
0,2001-08-31,EMF,,,Q4,3030000.0,1140000.0,1890000.0,0.623762,0.0,260000.0,0.0,-10000.0,250000.0,1390000.0,-15790000,0.0,-29940000,-9.881188,1640000.0,0.541254,0.0,-14150000,-4.669967,0.0,-14150000,-4.669967,-0.80125,-0.80125,17660000,17660000,,
0,2001-02-28,EMF,,,Q3,1930000.0,1230000.0,690000.0,0.357513,0.0,180000.0,0.0,10000.0,189999.99999999994,1420000.0,-30130000,0.0,-59760000,-30.963731,510000.0,0.264249,0.0,-29630000,-15.352332,0.0,-29630000,-15.352332,-1.6778,-1.6778,17660000,17660000,,
0,2000-08-31,EMF,,,Q2,3370000.0,1490000.0,1870000.0,0.554896,0.0,350000.0,0.0,0.0,350000.0000000001,1840000.0,-26630000,0.0,-51740000,-15.353116,1520000.0,0.451039,0.0,-25110000,-7.451039,0.0,-25110000,-7.451039,-1.42186,-1.42186,17660000,17660000,,
0,2000-02-29,EMF,,,Q1,2610000.0,1500000.0,1110000.0,0.425287,0.0,290000.0,0.0,0.0,290000.00000000006,1790000.0,23820000,0.0,48460000,18.56705,820000.0,0.314176,0.0,24640000,9.440613,0.0,24640000,9.440613,1.39524,1.39524,17660000,17660000,,
0,1999-08-31,EMF,,,Q4,2660000.0,1350000.0,1310000.0,0.492481,0.0,250000.0,0.0,0.0,250000.0,1600000.0,51120000,0.0,103300000,38.834586,1060000.0,0.398496,0.0,52180000,19.616541,0.0,52180000,19.616541,2.95973,2.95973,17630000,17630000,,
0,1999-02-28,EMF,,,Q3,2670000.0,1230000.0,1440000.0,0.539326,0.0,260000.0,0.0,0.0,260000.0,1490000.0,37740000,0.0,76660000,28.71161,1180000.0,0.441948,0.0,38920000,14.576779,0.0,38920000,14.576779,2.34035,2.34035,16630000,16630000,,
