,date,symbol,fillingDate,acceptedDate,period,revenue,costOfRevenue,grossProfit,grossProfitRatio,researchAndDevelopmentExpenses,generalAndAdministrativeExpenses,sellingAndMarketingExpenses,otherExpenses,operatingExpenses,costAndExpenses,interestExpense,depreciationAndAmortization,ebitda,ebitdaratio,operatingIncome,operatingIncomeRatio,totalOtherIncomeExpensesNet,incomeBeforeTax,incomeBeforeTaxRatio,incomeTaxExpense,netIncome,netIncomeRatio,eps,epsdiluted,weightedAverageShsOut,weightedAverageShsOutDil,link,finalLink
0,2019-09-31,BSD.PA,,2019-09-31,Q3,6958014.5,0.0,0.0,0.0,0.0,3009922.75,378005.5,0.0,871208.25,0.0,19834.5,362489.0,0.0,0.0,0.0,0.0,0.0,508458.75,13.684521114053009,162872.25,345586.5,20.133930289522304,0.00625,0.00625,55293840,55293840,https://www.infogreffe.com/recherche-entreprise-dirigeants/resultats-entreprise-dirigeants.html?ga_cat=globale&ga_q=B.S.D#phrase=B.S.D,https://www.infogreffe.com/recherche-entreprise-dirigeants/resultats-entreprise-dirigeants.html?ga_cat=globale&ga_q=B.S.D#phrase=B.S.D
0,2019-06-31,BSD.PA,,2019-06-31,Q2,6958014.5,0.0,0.0,0.0,0.0,3009922.75,378005.5,0.0,871208.25,0.0,19834.5,362489.0,0.0,0.0,0.0,0.0,0.0,508458.75,13.684521114053009,162872.25,345586.5,20.133930289522304,0.00625,0.00625,55293840,55293840,https://www.infogreffe.com/recherche-entreprise-dirigeants/resultats-entreprise-dirigeants.html?ga_cat=globale&ga_q=B.S.D#phrase=B.S.D,https://www.infogreffe.com/recherche-entreprise-dirigeants/resultats-entreprise-dirigeants.html?ga_cat=globale&ga_q=B.S.D#phrase=B.S.D
0,2019-03-31,BSD.PA,,2019-03-31,Q1,6958014.5,0.0,0.0,0.0,0.0,3009922.75,378005.5,0.0,871208.25,0.0,19834.5,362489.0,0.0,0.0,0.0,0.0,0.0,508458.75,13.684521114053009,162872.25,345586.5,20.133930289522304,0.00625,0.00625,55293840,55293840,https://www.infogreffe.com/recherche-entreprise-dirigeants/resultats-entreprise-dirigeants.html?ga_cat=globale&ga_q=B.S.D#phrase=B.S.D,https://www.infogreffe.com/recherche-entreprise-dirigeants/resultats-entreprise-dirigeants.html?ga_cat=globale&ga_q=B.S.D#phrase=B.S.D
0,2019-01-31,BSD.PA,,2019-01-31,Q1,6958014.5,0.0,0.0,0.0,0.0,3009922.75,378005.5,0.0,871208.25,0.0,19834.5,362489.0,0.0,0.0,0.0,0.0,0.0,508458.75,13.684521114053009,162872.25,345586.5,20.133930289522304,0.00625,0.00625,55293840,55293840,https://www.infogreffe.com/recherche-entreprise-dirigeants/resultats-entreprise-dirigeants.html?ga_cat=globale&ga_q=B.S.D#phrase=B.S.D,https://www.infogreffe.com/recherche-entreprise-dirigeants/resultats-entreprise-dirigeants.html?ga_cat=globale&ga_q=B.S.D#phrase=B.S.D
0,2018-09-31,BSD.PA,,2018-09-31,Q3,7216281.25,0.0,0.0,0.0,0.0,2826795.75,394589.25,0.0,862833.25,0.0,47704.5,383701.25,0.0,0.0,0.0,0.0,0.0,739458.5,9.758872539838274,158756.25,580702.25,12.426818132700536,0.01,0.01,58070225,58070225,https://www.infogreffe.com/recherche-entreprise-dirigeants/resultats-entreprise-dirigeants.html?ga_cat=globale&ga_q=B.S.D#phrase=B.S.D,https://www.infogreffe.com/recherche-entreprise-dirigeants/resultats-entreprise-dirigeants.html?ga_cat=globale&ga_q=B.S.D#phrase=B.S.D
0,2018-06-31,BSD.PA,,2018-06-31,Q2,7216281.25,0.0,0.0,0.0,0.0,2826795.75,394589.25,0.0,862833.25,0.0,47704.5,383701.25,0.0,0.0,0.0,0.0,0.0,739458.5,9.758872539838274,158756.25,580702.25,12.426818132700536,0.01,0.01,58070225,58070225,https://www.infogreffe.com/recherche-entreprise-dirigeants/resultats-entreprise-dirigeants.html?ga_cat=globale&ga_q=B.S.D#phrase=B.S.D,https://www.infogreffe.com/recherche-entreprise-dirigeants/resultats-entreprise-dirigeants.html?ga_cat=globale&ga_q=B.S.D#phrase=B.S.D
0,2018-03-31,BSD.PA,,2018-03-31,Q1,7216281.25,0.0,0.0,0.0,0.0,2826795.75,394589.25,0.0,862833.25,0.0,47704.5,383701.25,0.0,0.0,0.0,0.0,0.0,739458.5,9.758872539838274,158756.25,580702.25,12.426818132700536,0.01,0.01,58070225,58070225,https://www.infogreffe.com/recherche-entreprise-dirigeants/resultats-entreprise-dirigeants.html?ga_cat=globale&ga_q=B.S.D#phrase=B.S.D,https://www.infogreffe.com/recherche-entreprise-dirigeants/resultats-entreprise-dirigeants.html?ga_cat=globale&ga_q=B.S.D#phrase=B.S.D
0,2018-01-31,BSD.PA,,2018-01-31,Q1,7216281.25,0.0,0.0,0.0,0.0,2826795.75,394589.25,0.0,862833.25,0.0,47704.5,383701.25,0.0,0.0,0.0,0.0,0.0,739458.5,9.758872539838274,158756.25,580702.25,12.426818132700536,0.01,0.01,58070225,58070225,https://www.infogreffe.com/recherche-entreprise-dirigeants/resultats-entreprise-dirigeants.html?ga_cat=globale&ga_q=B.S.D#phrase=B.S.D,https://www.infogreffe.com/recherche-entreprise-dirigeants/resultats-entreprise-dirigeants.html?ga_cat=globale&ga_q=B.S.D#phrase=B.S.D
0,2017-09-31,BSD.PA,,2017-09-31,Q3,7616366.25,0.0,0.0,0.0,0.0,2843713.5,446436.0,0.0,941791.0,0.0,85892.5,483121.25,0.0,0.0,0.0,0.0,0.0,1010042.75,7.540637512620134,241610.0,768432.75,9.911558623705197,0.0125,0.0125,61474620,61474620,https://www.infogreffe.com/recherche-entreprise-dirigeants/resultats-entreprise-dirigeants.html?ga_cat=globale&ga_q=B.S.D#phrase=B.S.D,https://www.infogreffe.com/recherche-entreprise-dirigeants/resultats-entreprise-dirigeants.html?ga_cat=globale&ga_q=B.S.D#phrase=B.S.D
0,2017-06-31,BSD.PA,,2017-06-31,Q2,7616366.25,0.0,0.0,0.0,0.0,2843713.5,446436.0,0.0,941791.0,0.0,85892.5,483121.25,0.0,0.0,0.0,0.0,0.0,1010042.75,7.540637512620134,241610.0,768432.75,9.911558623705197,0.0125,0.0125,61474620,61474620,https://www.infogreffe.com/recherche-entreprise-dirigeants/resultats-entreprise-dirigeants.html?ga_cat=globale&ga_q=B.S.D#phrase=B.S.D,https://www.infogreffe.com/recherche-entreprise-dirigeants/resultats-entreprise-dirigeants.html?ga_cat=globale&ga_q=B.S.D#phrase=B.S.D
0,2017-03-31,BSD.PA,,2017-03-31,Q1,7616366.25,0.0,0.0,0.0,0.0,2843713.5,446436.0,0.0,941791.0,0.0,85892.5,483121.25,0.0,0.0,0.0,0.0,0.0,1010042.75,7.540637512620134,241610.0,768432.75,9.911558623705197,0.0125,0.0125,61474620,61474620,https://www.infogreffe.com/recherche-entreprise-dirigeants/resultats-entreprise-dirigeants.html?ga_cat=globale&ga_q=B.S.D#phrase=B.S.D,https://www.infogreffe.com/recherche-entreprise-dirigeants/resultats-entreprise-dirigeants.html?ga_cat=globale&ga_q=B.S.D#phrase=B.S.D
0,2017-01-31,BSD.PA,,2017-01-31,Q1,7616366.25,0.0,0.0,0.0,0.0,2843713.5,446436.0,0.0,941791.0,0.0,85892.5,483121.25,0.0,0.0,0.0,0.0,0.0,1010042.75,7.540637512620134,241610.0,768432.75,9.911558623705197,0.0125,0.0125,61474620,61474620,https://www.infogreffe.com/recherche-entreprise-dirigeants/resultats-entreprise-dirigeants.html?ga_cat=globale&ga_q=B.S.D#phrase=B.S.D,https://www.infogreffe.com/recherche-entreprise-dirigeants/resultats-entreprise-dirigeants.html?ga_cat=globale&ga_q=B.S.D#phrase=B.S.D
0,2016-09-31,BSD.PA,,2016-09-31,Q3,7258953.25,0.0,0.0,0.0,0.0,2870872.0,464979.5,0.0,782107.0,0.0,84962.75,542470.0,0.0,0.0,0.0,0.0,0.0,751516.0,9.65908011273213,172990.75,578525.25,12.547340414268866,0.01,0.01,57852525,57852525,https://www.infogreffe.com/recherche-entreprise-dirigeants/resultats-entreprise-dirigeants.html?ga_cat=globale&ga_q=B.S.D#phrase=B.S.D,https://www.infogreffe.com/recherche-entreprise-dirigeants/resultats-entreprise-dirigeants.html?ga_cat=globale&ga_q=B.S.D#phrase=B.S.D
0,2016-06-31,BSD.PA,,2016-06-31,Q2,7258953.25,0.0,0.0,0.0,0.0,2870872.0,464979.5,0.0,782107.0,0.0,84962.75,542470.0,0.0,0.0,0.0,0.0,0.0,751516.0,9.65908011273213,172990.75,578525.25,12.547340414268866,0.01,0.01,57852525,57852525,https://www.infogreffe.com/recherche-entreprise-dirigeants/resultats-entreprise-dirigeants.html?ga_cat=globale&ga_q=B.S.D#phrase=B.S.D,https://www.infogreffe.com/recherche-entreprise-dirigeants/resultats-entreprise-dirigeants.html?ga_cat=globale&ga_q=B.S.D#phrase=B.S.D
0,2016-03-31,BSD.PA,,2016-03-31,Q1,7258953.25,0.0,0.0,0.0,0.0,2870872.0,464979.5,0.0,782107.0,0.0,84962.75,542470.0,0.0,0.0,0.0,0.0,0.0,751516.0,9.65908011273213,172990.75,578525.25,12.547340414268866,0.01,0.01,57852525,57852525,https://www.infogreffe.com/recherche-entreprise-dirigeants/resultats-entreprise-dirigeants.html?ga_cat=globale&ga_q=B.S.D#phrase=B.S.D,https://www.infogreffe.com/recherche-entreprise-dirigeants/resultats-entreprise-dirigeants.html?ga_cat=globale&ga_q=B.S.D#phrase=B.S.D
0,2016-01-31,BSD.PA,,2016-01-31,Q1,7258953.25,0.0,0.0,0.0,0.0,2870872.0,464979.5,0.0,782107.0,0.0,84962.75,542470.0,0.0,0.0,0.0,0.0,0.0,751516.0,9.65908011273213,172990.75,578525.25,12.547340414268866,0.01,0.01,57852525,57852525,https://www.infogreffe.com/recherche-entreprise-dirigeants/resultats-entreprise-dirigeants.html?ga_cat=globale&ga_q=B.S.D#phrase=B.S.D,https://www.infogreffe.com/recherche-entreprise-dirigeants/resultats-entreprise-dirigeants.html?ga_cat=globale&ga_q=B.S.D#phrase=B.S.D
0,2015-09-31,BSD.PA,,2015-09-31,Q3,7670800.5,0.0,0.0,0.0,0.0,3223790.0,427583.0,0.0,768529.25,0.0,156714.25,522238.75,0.0,0.0,0.0,0.0,0.0,918998.75,8.3469107003682,182528.0,736470.75,10.415621394332362,0.0125,0.0125,58917660,58917660,https://www.infogreffe.com/recherche-entreprise-dirigeants/resultats-entreprise-dirigeants.html?ga_cat=globale&ga_q=B.S.D#phrase=B.S.D,https://www.infogreffe.com/recherche-entreprise-dirigeants/resultats-entreprise-dirigeants.html?ga_cat=globale&ga_q=B.S.D#phrase=B.S.D
0,2015-06-31,BSD.PA,,2015-06-31,Q2,7670800.5,0.0,0.0,0.0,0.0,3223790.0,427583.0,0.0,768529.25,0.0,156714.25,522238.75,0.0,0.0,0.0,0.0,0.0,918998.75,8.3469107003682,182528.0,736470.75,10.415621394332362,0.0125,0.0125,58917660,58917660,https://www.infogreffe.com/recherche-entreprise-dirigeants/resultats-entreprise-dirigeants.html?ga_cat=globale&ga_q=B.S.D#phrase=B.S.D,https://www.infogreffe.com/recherche-entreprise-dirigeants/resultats-entreprise-dirigeants.html?ga_cat=globale&ga_q=B.S.D#phrase=B.S.D
0,2015-03-31,BSD.PA,,2015-03-31,Q1,7670800.5,0.0,0.0,0.0,0.0,3223790.0,427583.0,0.0,768529.25,0.0,156714.25,522238.75,0.0,0.0,0.0,0.0,0.0,918998.75,8.3469107003682,182528.0,736470.75,10.415621394332362,0.0125,0.0125,58917660,58917660,https://www.infogreffe.com/recherche-entreprise-dirigeants/resultats-entreprise-dirigeants.html?ga_cat=globale&ga_q=B.S.D#phrase=B.S.D,https://www.infogreffe.com/recherche-entreprise-dirigeants/resultats-entreprise-dirigeants.html?ga_cat=globale&ga_q=B.S.D#phrase=B.S.D
0,2015-01-31,BSD.PA,,2015-01-31,Q1,7670800.5,0.0,0.0,0.0,0.0,3223790.0,427583.0,0.0,768529.25,0.0,156714.25,522238.75,0.0,0.0,0.0,0.0,0.0,918998.75,8.3469107003682,182528.0,736470.75,10.415621394332362,0.0125,0.0125,58917660,58917660,https://www.infogreffe.com/recherche-entreprise-dirigeants/resultats-entreprise-dirigeants.html?ga_cat=globale&ga_q=B.S.D#phrase=B.S.D,https://www.infogreffe.com/recherche-entreprise-dirigeants/resultats-entreprise-dirigeants.html?ga_cat=globale&ga_q=B.S.D#phrase=B.S.D
0,2014-09-31,BSD.PA,,2014-09-31,Q3,7979297.5,0.0,0.0,0.0,0.0,3097348.25,425597.5,0.0,832722.0,0.0,204360.0,432603.75,0.0,0.0,0.0,0.0,0.0,1169363.5,6.823624561567041,365397.5,803966.0,9.924919088618175,0.015,0.015,53597733,53597733,https://www.infogreffe.com/recherche-entreprise-dirigeants/resultats-entreprise-dirigeants.html?ga_cat=globale&ga_q=B.S.D#phrase=B.S.D,https://www.infogreffe.com/recherche-entreprise-dirigeants/resultats-entreprise-dirigeants.html?ga_cat=globale&ga_q=B.S.D#phrase=B.S.D
0,2014-06-31,BSD.PA,,2014-06-31,Q2,7979297.5,0.0,0.0,0.0,0.0,3097348.25,425597.5,0.0,832722.0,0.0,204360.0,432603.75,0.0,0.0,0.0,0.0,0.0,1169363.5,6.823624561567041,365397.5,803966.0,9.924919088618175,0.015,0.015,53597733,53597733,https://www.infogreffe.com/recherche-entreprise-dirigeants/resultats-entreprise-dirigeants.html?ga_cat=globale&ga_q=B.S.D#phrase=B.S.D,https://www.infogreffe.com/recherche-entreprise-dirigeants/resultats-entreprise-dirigeants.html?ga_cat=globale&ga_q=B.S.D#phrase=B.S.D
0,2014-03-31,BSD.PA,,2014-03-31,Q1,7979297.5,0.0,0.0,0.0,0.0,3097348.25,425597.5,0.0,832722.0,0.0,204360.0,432603.75,0.0,0.0,0.0,0.0,0.0,1169363.5,6.823624561567041,365397.5,803966.0,9.924919088618175,0.015,0.015,53597733,53597733,https://www.infogreffe.com/recherche-entreprise-dirigeants/resultats-entreprise-dirigeants.html?ga_cat=globale&ga_q=B.S.D#phrase=B.S.D,https://www.infogreffe.com/recherche-entreprise-dirigeants/resultats-entreprise-dirigeants.html?ga_cat=globale&ga_q=B.S.D#phrase=B.S.D
0,2014-01-31,BSD.PA,,2014-01-31,Q1,7979297.5,0.0,0.0,0.0,0.0,3097348.25,425597.5,0.0,832722.0,0.0,204360.0,432603.75,0.0,0.0,0.0,0.0,0.0,1169363.5,6.823624561567041,365397.5,803966.0,9.924919088618175,0.015,0.015,53597733,53597733,https://www.infogreffe.com/recherche-entreprise-dirigeants/resultats-entreprise-dirigeants.html?ga_cat=globale&ga_q=B.S.D#phrase=B.S.D,https://www.infogreffe.com/recherche-entreprise-dirigeants/resultats-entreprise-dirigeants.html?ga_cat=globale&ga_q=B.S.D#phrase=B.S.D
0,2013-09-31,BSD.PA,,2013-09-31,Q3,7366192.5,0.0,0.0,0.0,0.0,2815922.75,392355.75,0.0,781188.0,0.0,222880.75,444196.25,0.0,0.0,0.0,0.0,0.0,1210359.75,6.085952957374863,354566.0,855793.75,8.607439000343248,0.015,0.015,57052917,57052917,https://www.infogreffe.com/recherche-entreprise-dirigeants/resultats-entreprise-dirigeants.html?ga_cat=globale&ga_q=B.S.D#phrase=B.S.D,https://www.infogreffe.com/recherche-entreprise-dirigeants/resultats-entreprise-dirigeants.html?ga_cat=globale&ga_q=B.S.D#phrase=B.S.D
0,2013-06-31,BSD.PA,,2013-06-31,Q2,7366192.5,0.0,0.0,0.0,0.0,2815922.75,392355.75,0.0,781188.0,0.0,222880.75,444196.25,0.0,0.0,0.0,0.0,0.0,1210359.75,6.085952957374863,354566.0,855793.75,8.607439000343248,0.015,0.015,57052917,57052917,https://www.infogreffe.com/recherche-entreprise-dirigeants/resultats-entreprise-dirigeants.html?ga_cat=globale&ga_q=B.S.D#phrase=B.S.D,https://www.infogreffe.com/recherche-entreprise-dirigeants/resultats-entreprise-dirigeants.html?ga_cat=globale&ga_q=B.S.D#phrase=B.S.D
0,2013-03-31,BSD.PA,,2013-03-31,Q1,7366192.5,0.0,0.0,0.0,0.0,2815922.75,392355.75,0.0,781188.0,0.0,222880.75,444196.25,0.0,0.0,0.0,0.0,0.0,1210359.75,6.085952957374863,354566.0,855793.75,8.607439000343248,0.015,0.015,57052917,57052917,https://www.infogreffe.com/recherche-entreprise-dirigeants/resultats-entreprise-dirigeants.html?ga_cat=globale&ga_q=B.S.D#phrase=B.S.D,https://www.infogreffe.com/recherche-entreprise-dirigeants/resultats-entreprise-dirigeants.html?ga_cat=globale&ga_q=B.S.D#phrase=B.S.D
0,2013-01-31,BSD.PA,,2013-01-31,Q1,7366192.5,0.0,0.0,0.0,0.0,2815922.75,392355.75,0.0,781188.0,0.0,222880.75,444196.25,0.0,0.0,0.0,0.0,0.0,1210359.75,6.085952957374863,354566.0,855793.75,8.607439000343248,0.015,0.015,57052917,57052917,https://www.infogreffe.com/recherche-entreprise-dirigeants/resultats-entreprise-dirigeants.html?ga_cat=globale&ga_q=B.S.D#phrase=B.S.D,https://www.infogreffe.com/recherche-entreprise-dirigeants/resultats-entreprise-dirigeants.html?ga_cat=globale&ga_q=B.S.D#phrase=B.S.D
0,2012-09-31,BSD.PA,,2012-09-31,Q3,6482401.75,0.0,0.0,0.0,0.0,2697052.25,458056.75,0.0,746681.0,0.0,126300.75,-57567.0,0.0,0.0,0.0,0.0,0.0,1042015.0,6.221025369116568,262895.25,779119.25,8.32016632883862,0.015,0.015,51941283,51941283,https://www.infogreffe.com/recherche-entreprise-dirigeants/resultats-entreprise-dirigeants.html?ga_cat=globale&ga_q=B.S.D#phrase=B.S.D,https://www.infogreffe.com/recherche-entreprise-dirigeants/resultats-entreprise-dirigeants.html?ga_cat=globale&ga_q=B.S.D#phrase=B.S.D
0,2012-06-31,BSD.PA,,2012-06-31,Q2,6482401.75,0.0,0.0,0.0,0.0,2697052.25,458056.75,0.0,746681.0,0.0,126300.75,-57567.0,0.0,0.0,0.0,0.0,0.0,1042015.0,6.221025369116568,262895.25,779119.25,8.32016632883862,0.015,0.015,51941283,51941283,https://www.infogreffe.com/recherche-entreprise-dirigeants/resultats-entreprise-dirigeants.html?ga_cat=globale&ga_q=B.S.D#phrase=B.S.D,https://www.infogreffe.com/recherche-entreprise-dirigeants/resultats-entreprise-dirigeants.html?ga_cat=globale&ga_q=B.S.D#phrase=B.S.D
0,2012-03-31,BSD.PA,,2012-03-31,Q1,6482401.75,0.0,0.0,0.0,0.0,2697052.25,458056.75,0.0,746681.0,0.0,126300.75,-57567.0,0.0,0.0,0.0,0.0,0.0,1042015.0,6.221025369116568,262895.25,779119.25,8.32016632883862,0.015,0.015,51941283,51941283,https://www.infogreffe.com/recherche-entreprise-dirigeants/resultats-entreprise-dirigeants.html?ga_cat=globale&ga_q=B.S.D#phrase=B.S.D,https://www.infogreffe.com/recherche-entreprise-dirigeants/resultats-entreprise-dirigeants.html?ga_cat=globale&ga_q=B.S.D#phrase=B.S.D
0,2012-01-31,BSD.PA,,2012-01-31,Q1,6482401.75,0.0,0.0,0.0,0.0,2697052.25,458056.75,0.0,746681.0,0.0,126300.75,-57567.0,0.0,0.0,0.0,0.0,0.0,1042015.0,6.221025369116568,262895.25,779119.25,8.32016632883862,0.015,0.015,51941283,51941283,https://www.infogreffe.com/recherche-entreprise-dirigeants/resultats-entreprise-dirigeants.html?ga_cat=globale&ga_q=B.S.D#phrase=B.S.D,https://www.infogreffe.com/recherche-entreprise-dirigeants/resultats-entreprise-dirigeants.html?ga_cat=globale&ga_q=B.S.D#phrase=B.S.D
0,2011-09-31,BSD.PA,,2011-09-31,Q3,7143617.75,0.0,0.0,0.0,0.0,3046655.75,543174.0,0.0,470851.75,0.0,295413.75,469986.0,0.0,0.0,0.0,0.0,0.0,1168128.75,6.115436975590233,173537.0,992166.75,7.200017285400866,0.0175,0.0175,56695243,56695243,https://www.infogreffe.com/recherche-entreprise-dirigeants/resultats-entreprise-dirigeants.html?ga_cat=globale&ga_q=B.S.D#phrase=B.S.D,https://www.infogreffe.com/recherche-entreprise-dirigeants/resultats-entreprise-dirigeants.html?ga_cat=globale&ga_q=B.S.D#phrase=B.S.D
0,2011-06-31,BSD.PA,,2011-06-31,Q2,7143617.75,0.0,0.0,0.0,0.0,3046655.75,543174.0,0.0,470851.75,0.0,295413.75,469986.0,0.0,0.0,0.0,0.0,0.0,1168128.75,6.115436975590233,173537.0,992166.75,7.200017285400866,0.0175,0.0175,56695243,56695243,https://www.infogreffe.com/recherche-entreprise-dirigeants/resultats-entreprise-dirigeants.html?ga_cat=globale&ga_q=B.S.D#phrase=B.S.D,https://www.infogreffe.com/recherche-entreprise-dirigeants/resultats-entreprise-dirigeants.html?ga_cat=globale&ga_q=B.S.D#phrase=B.S.D
0,2011-03-31,BSD.PA,,2011-03-31,Q1,7143617.75,0.0,0.0,0.0,0.0,3046655.75,543174.0,0.0,470851.75,0.0,295413.75,469986.0,0.0,0.0,0.0,0.0,0.0,1168128.75,6.115436975590233,173537.0,992166.75,7.200017285400866,0.0175,0.0175,56695243,56695243,https://www.infogreffe.com/recherche-entreprise-dirigeants/resultats-entreprise-dirigeants.html?ga_cat=globale&ga_q=B.S.D#phrase=B.S.D,https://www.infogreffe.com/recherche-entreprise-dirigeants/resultats-entreprise-dirigeants.html?ga_cat=globale&ga_q=B.S.D#phrase=B.S.D
0,2011-01-31,BSD.PA,,2011-01-31,Q1,7143617.75,0.0,0.0,0.0,0.0,3046655.75,543174.0,0.0,470851.75,0.0,295413.75,469986.0,0.0,0.0,0.0,0.0,0.0,1168128.75,6.115436975590233,173537.0,992166.75,7.200017285400866,0.0175,0.0175,56695243,56695243,https://www.infogreffe.com/recherche-entreprise-dirigeants/resultats-entreprise-dirigeants.html?ga_cat=globale&ga_q=B.S.D#phrase=B.S.D,https://www.infogreffe.com/recherche-entreprise-dirigeants/resultats-entreprise-dirigeants.html?ga_cat=globale&ga_q=B.S.D#phrase=B.S.D
0,2010-09-31,BSD.PA,,2010-09-31,Q3,5806751.0,0.0,0.0,0.0,0.0,4709738.25,0.0,0.0,4591.25,0.0,81857.0,445068.75,0.0,0.0,0.0,0.0,0.0,647353.0,8.969991642890355,-72480.0,698362.5,8.314809286008341,0.0125,0.0125,55869000,55869000,https://www.infogreffe.com/recherche-entreprise-dirigeants/resultats-entreprise-dirigeants.html?ga_cat=globale&ga_q=B.S.D#phrase=B.S.D,https://www.infogreffe.com/recherche-entreprise-dirigeants/resultats-entreprise-dirigeants.html?ga_cat=globale&ga_q=B.S.D#phrase=B.S.D
0,2010-06-31,BSD.PA,,2010-06-31,Q2,5806751.0,0.0,0.0,0.0,0.0,4709738.25,0.0,0.0,4591.25,0.0,81857.0,445068.75,0.0,0.0,0.0,0.0,0.0,647353.0,8.969991642890355,-72480.0,698362.5,8.314809286008341,0.0125,0.0125,55869000,55869000,https://www.infogreffe.com/recherche-entreprise-dirigeants/resultats-entreprise-dirigeants.html?ga_cat=globale&ga_q=B.S.D#phrase=B.S.D,https://www.infogreffe.com/recherche-entreprise-dirigeants/resultats-entreprise-dirigeants.html?ga_cat=globale&ga_q=B.S.D#phrase=B.S.D
0,2010-03-31,BSD.PA,,2010-03-31,Q1,5806751.0,0.0,0.0,0.0,0.0,4709738.25,0.0,0.0,4591.25,0.0,81857.0,445068.75,0.0,0.0,0.0,0.0,0.0,647353.0,8.969991642890355,-72480.0,698362.5,8.314809286008341,0.0125,0.0125,55869000,55869000,https://www.infogreffe.com/recherche-entreprise-dirigeants/resultats-entreprise-dirigeants.html?ga_cat=globale&ga_q=B.S.D#phrase=B.S.D,https://www.infogreffe.com/recherche-entreprise-dirigeants/resultats-entreprise-dirigeants.html?ga_cat=globale&ga_q=B.S.D#phrase=B.S.D
0,2010-01-31,BSD.PA,,2010-01-31,Q1,5806751.0,0.0,0.0,0.0,0.0,4709738.25,0.0,0.0,4591.25,0.0,81857.0,445068.75,0.0,0.0,0.0,0.0,0.0,647353.0,8.969991642890355,-72480.0,698362.5,8.314809286008341,0.0125,0.0125,55869000,55869000,https://www.infogreffe.com/recherche-entreprise-dirigeants/resultats-entreprise-dirigeants.html?ga_cat=globale&ga_q=B.S.D#phrase=B.S.D,https://www.infogreffe.com/recherche-entreprise-dirigeants/resultats-entreprise-dirigeants.html?ga_cat=globale&ga_q=B.S.D#phrase=B.S.D
0,2009-09-31,BSD.PA,,2009-09-31,Q3,5638000.0,0.0,0.0,0.0,0.0,4636750.0,0.0,0.0,18250.0,0.0,76500.0,427500.0,0.0,0.0,0.0,0.0,0.0,544000.0,10.363970588235293,-70750.0,626000.0,9.006389776357828,0.01125175,0.01125175,55635383,55635383,https://www.infogreffe.com/recherche-entreprise-dirigeants/resultats-entreprise-dirigeants.html?ga_cat=globale&ga_q=B.S.D#phrase=B.S.D,https://www.infogreffe.com/recherche-entreprise-dirigeants/resultats-entreprise-dirigeants.html?ga_cat=globale&ga_q=B.S.D#phrase=B.S.D
0,2009-06-31,BSD.PA,,2009-06-31,Q2,5638000.0,0.0,0.0,0.0,0.0,4636750.0,0.0,0.0,18250.0,0.0,76500.0,427500.0,0.0,0.0,0.0,0.0,0.0,544000.0,10.363970588235293,-70750.0,626000.0,9.006389776357828,0.01125175,0.01125175,55635383,55635383,https://www.infogreffe.com/recherche-entreprise-dirigeants/resultats-entreprise-dirigeants.html?ga_cat=globale&ga_q=B.S.D#phrase=B.S.D,https://www.infogreffe.com/recherche-entreprise-dirigeants/resultats-entreprise-dirigeants.html?ga_cat=globale&ga_q=B.S.D#phrase=B.S.D
0,2009-03-31,BSD.PA,,2009-03-31,Q1,5638000.0,0.0,0.0,0.0,0.0,4636750.0,0.0,0.0,18250.0,0.0,76500.0,427500.0,0.0,0.0,0.0,0.0,0.0,544000.0,10.363970588235293,-70750.0,626000.0,9.006389776357828,0.01125175,0.01125175,55635383,55635383,https://www.infogreffe.com/recherche-entreprise-dirigeants/resultats-entreprise-dirigeants.html?ga_cat=globale&ga_q=B.S.D#phrase=B.S.D,https://www.infogreffe.com/recherche-entreprise-dirigeants/resultats-entreprise-dirigeants.html?ga_cat=globale&ga_q=B.S.D#phrase=B.S.D
0,2009-01-31,BSD.PA,,2009-01-31,Q1,5638000.0,0.0,0.0,0.0,0.0,4636750.0,0.0,0.0,18250.0,0.0,76500.0,427500.0,0.0,0.0,0.0,0.0,0.0,544000.0,10.363970588235293,-70750.0,626000.0,9.006389776357828,0.01125175,0.01125175,55635383,55635383,https://www.infogreffe.com/recherche-entreprise-dirigeants/resultats-entreprise-dirigeants.html?ga_cat=globale&ga_q=B.S.D#phrase=B.S.D,https://www.infogreffe.com/recherche-entreprise-dirigeants/resultats-entreprise-dirigeants.html?ga_cat=globale&ga_q=B.S.D#phrase=B.S.D
0,2008-09-31,BSD.PA,,2008-09-31,Q3,6402750.0,0.0,0.0,0.0,0.0,4879500.0,0.0,-10000.0,0.0,0.0,538250.0,312500.0,0.0,0.0,0.0,0.0,0.0,1170500.0,5.470098248611705,0.0,1213250.0,5.277354213888317,0.02180725,0.02180725,55635383,55635383,https://www.infogreffe.com/recherche-entreprise-dirigeants/resultats-entreprise-dirigeants.html?ga_cat=globale&ga_q=B.S.D#phrase=B.S.D,https://www.infogreffe.com/recherche-entreprise-dirigeants/resultats-entreprise-dirigeants.html?ga_cat=globale&ga_q=B.S.D#phrase=B.S.D
0,2008-06-31,BSD.PA,,2008-06-31,Q2,6402750.0,0.0,0.0,0.0,0.0,4879500.0,0.0,-10000.0,0.0,0.0,538250.0,312500.0,0.0,0.0,0.0,0.0,0.0,1170500.0,5.470098248611705,0.0,1213250.0,5.277354213888317,0.02180725,0.02180725,55635383,55635383,https://www.infogreffe.com/recherche-entreprise-dirigeants/resultats-entreprise-dirigeants.html?ga_cat=globale&ga_q=B.S.D#phrase=B.S.D,https://www.infogreffe.com/recherche-entreprise-dirigeants/resultats-entreprise-dirigeants.html?ga_cat=globale&ga_q=B.S.D#phrase=B.S.D
0,2008-03-31,BSD.PA,,2008-03-31,Q1,6402750.0,0.0,0.0,0.0,0.0,4879500.0,0.0,-10000.0,0.0,0.0,538250.0,312500.0,0.0,0.0,0.0,0.0,0.0,1170500.0,5.470098248611705,0.0,1213250.0,5.277354213888317,0.02180725,0.02180725,55635383,55635383,https://www.infogreffe.com/recherche-entreprise-dirigeants/resultats-entreprise-dirigeants.html?ga_cat=globale&ga_q=B.S.D#phrase=B.S.D,https://www.infogreffe.com/recherche-entreprise-dirigeants/resultats-entreprise-dirigeants.html?ga_cat=globale&ga_q=B.S.D#phrase=B.S.D
0,2008-01-31,BSD.PA,,2008-01-31,Q1,6402750.0,0.0,0.0,0.0,0.0,4879500.0,0.0,-10000.0,0.0,0.0,538250.0,312500.0,0.0,0.0,0.0,0.0,0.0,1170500.0,5.470098248611705,0.0,1213250.0,5.277354213888317,0.02180725,0.02180725,55635383,55635383,https://www.infogreffe.com/recherche-entreprise-dirigeants/resultats-entreprise-dirigeants.html?ga_cat=globale&ga_q=B.S.D#phrase=B.S.D,https://www.infogreffe.com/recherche-entreprise-dirigeants/resultats-entreprise-dirigeants.html?ga_cat=globale&ga_q=B.S.D#phrase=B.S.D
0,2007-09-31,BSD.PA,,2007-09-31,Q3,6640250.0,0.0,0.0,0.0,0.0,4878000.0,0.0,2229750.0,0.0,0.0,732500.0,228250.0,0.0,0.0,0.0,0.0,0.0,3747250.0,1.7720328240709853,0.0,3693750.0,1.7976988155668359,0.06680219713443668,0.06680219713443668,55293840,55293840,https://www.infogreffe.com/recherche-entreprise-dirigeants/resultats-entreprise-dirigeants.html?ga_cat=globale&ga_q=B.S.D#phrase=B.S.D,https://www.infogreffe.com/recherche-entreprise-dirigeants/resultats-entreprise-dirigeants.html?ga_cat=globale&ga_q=B.S.D#phrase=B.S.D
0,2007-06-31,BSD.PA,,2007-06-31,Q2,6640250.0,0.0,0.0,0.0,0.0,4878000.0,0.0,2229750.0,0.0,0.0,732500.0,228250.0,0.0,0.0,0.0,0.0,0.0,3747250.0,1.7720328240709853,0.0,3693750.0,1.7976988155668359,0.06680219713443668,0.06680219713443668,55293840,55293840,https://www.infogreffe.com/recherche-entreprise-dirigeants/resultats-entreprise-dirigeants.html?ga_cat=globale&ga_q=B.S.D#phrase=B.S.D,https://www.infogreffe.com/recherche-entreprise-dirigeants/resultats-entreprise-dirigeants.html?ga_cat=globale&ga_q=B.S.D#phrase=B.S.D
0,2007-03-31,BSD.PA,,2007-03-31,Q1,6640250.0,0.0,0.0,0.0,0.0,4878000.0,0.0,2229750.0,0.0,0.0,732500.0,228250.0,0.0,0.0,0.0,0.0,0.0,3747250.0,1.7720328240709853,0.0,3693750.0,1.7976988155668359,0.06680219713443668,0.06680219713443668,55293840,55293840,https://www.infogreffe.com/recherche-entreprise-dirigeants/resultats-entreprise-dirigeants.html?ga_cat=globale&ga_q=B.S.D#phrase=B.S.D,https://www.infogreffe.com/recherche-entreprise-dirigeants/resultats-entreprise-dirigeants.html?ga_cat=globale&ga_q=B.S.D#phrase=B.S.D
0,2007-01-31,BSD.PA,,2007-01-31,Q1,6640250.0,0.0,0.0,0.0,0.0,4878000.0,0.0,2229750.0,0.0,0.0,732500.0,228250.0,0.0,0.0,0.0,0.0,0.0,3747250.0,1.7720328240709853,0.0,3693750.0,1.7976988155668359,0.06680219713443668,0.06680219713443668,55293840,55293840,https://www.infogreffe.com/recherche-entreprise-dirigeants/resultats-entreprise-dirigeants.html?ga_cat=globale&ga_q=B.S.D#phrase=B.S.D,https://www.infogreffe.com/recherche-entreprise-dirigeants/resultats-entreprise-dirigeants.html?ga_cat=globale&ga_q=B.S.D#phrase=B.S.D
0,2006-09-31,BSD.PA,,2006-09-31,Q3,4475750.0,0.0,0.0,0.0,0.0,3528750.0,0.0,-28500.0,0.0,0.0,375250.0,167750.0,0.0,0.0,0.0,0.0,0.0,744500.0,6.011752854264607,0.0,734250.0,6.095675859720804,0.013279056039515432,0.013279056039515432,55293840,55293840,https://www.infogreffe.com/recherche-entreprise-dirigeants/resultats-entreprise-dirigeants.html?ga_cat=globale&ga_q=B.S.D#phrase=B.S.D,https://www.infogreffe.com/recherche-entreprise-dirigeants/resultats-entreprise-dirigeants.html?ga_cat=globale&ga_q=B.S.D#phrase=B.S.D
0,2006-06-31,BSD.PA,,2006-06-31,Q2,4475750.0,0.0,0.0,0.0,0.0,3528750.0,0.0,-28500.0,0.0,0.0,375250.0,167750.0,0.0,0.0,0.0,0.0,0.0,744500.0,6.011752854264607,0.0,734250.0,6.095675859720804,0.013279056039515432,0.013279056039515432,55293840,55293840,https://www.infogreffe.com/recherche-entreprise-dirigeants/resultats-entreprise-dirigeants.html?ga_cat=globale&ga_q=B.S.D#phrase=B.S.D,https://www.infogreffe.com/recherche-entreprise-dirigeants/resultats-entreprise-dirigeants.html?ga_cat=globale&ga_q=B.S.D#phrase=B.S.D
0,2006-03-31,BSD.PA,,2006-03-31,Q1,4475750.0,0.0,0.0,0.0,0.0,3528750.0,0.0,-28500.0,0.0,0.0,375250.0,167750.0,0.0,0.0,0.0,0.0,0.0,744500.0,6.011752854264607,0.0,734250.0,6.095675859720804,0.013279056039515432,0.013279056039515432,55293840,55293840,https://www.infogreffe.com/recherche-entreprise-dirigeants/resultats-entreprise-dirigeants.html?ga_cat=globale&ga_q=B.S.D#phrase=B.S.D,https://www.infogreffe.com/recherche-entreprise-dirigeants/resultats-entreprise-dirigeants.html?ga_cat=globale&ga_q=B.S.D#phrase=B.S.D
0,2006-01-31,BSD.PA,,2006-01-31,Q1,4475750.0,0.0,0.0,0.0,0.0,3528750.0,0.0,-28500.0,0.0,0.0,375250.0,167750.0,0.0,0.0,0.0,0.0,0.0,744500.0,6.011752854264607,0.0,734250.0,6.095675859720804,0.013279056039515432,0.013279056039515432,55293840,55293840,https://www.infogreffe.com/recherche-entreprise-dirigeants/resultats-entreprise-dirigeants.html?ga_cat=globale&ga_q=B.S.D#phrase=B.S.D,https://www.infogreffe.com/recherche-entreprise-dirigeants/resultats-entreprise-dirigeants.html?ga_cat=globale&ga_q=B.S.D#phrase=B.S.D
