,date,symbol,fillingDate,acceptedDate,period,revenue,costOfRevenue,grossProfit,grossProfitRatio,researchAndDevelopmentExpenses,generalAndAdministrativeExpenses,sellingAndMarketingExpenses,otherExpenses,operatingExpenses,costAndExpenses,interestExpense,depreciationAndAmortization,ebitda,ebitdaratio,operatingIncome,operatingIncomeRatio,totalOtherIncomeExpensesNet,incomeBeforeTax,incomeBeforeTaxRatio,incomeTaxExpense,netIncome,netIncomeRatio,eps,epsdiluted,weightedAverageShsOut,weightedAverageShsOutDil,link,finalLink
0,2020-06-30,ICMB,,,Q4,7641040.0,3841960.0,3799080.0,0.497194,0.0,450920.0,0.0,-83990.0,366930.0000000004,4208890.0,-5905150.0,0.0,-8378150.0,-1.096467,3432150.0,0.449173,0.0,-2473000.0,-0.323647,0.0,-2473000.0,-0.323647,-0.17813,-0.17813,13883140,13883140,,
0,2020-03-31,ICMB,2020-05-11 00:00:00,2020-05-11 16:17:09,Q3,8829680.0,4277940.0,4551740.0,0.515505,0.0,434500.0,0.0,673780.0,1108279.9999999998,5386220.0,-27687830,0.0,-51932200,-5.88155,3443460.0,0.389987,0.0,-24244370,-2.745781,0.0,-24244370,-2.745781,-1.75791,-1.75791,13791580,13791580,https://www.sec.gov/Archives/edgar/data/1578348/000119312520139072/0001193125-20-139072-index.htm,https://www.sec.gov/Archives/edgar/data/1578348/000119312520139072/d914403d10q.htm
0,2019-12-31,ICMB,2020-02-10 00:00:00,2020-02-10 16:36:11,Q2,9431450.0,4828340.0,4603110.0,0.48806,0.0,352500.0,0.0,495350.0,847850.0000000002,5676190.0,-787820.0,0.0,2179620.0,0.231101,3755260.0,0.398164,0.0,2967440.0,0.314632,0.0,2967440.0,0.314632,0.21711,0.21711,13668030,13668030,https://www.sec.gov/Archives/edgar/data/1578348/000119312520029862/0001193125-20-029862-index.html,https://www.sec.gov/Archives/edgar/data/1578348/000119312520029862/d600213d10q.htm
0,2019-09-30,ICMB,2019-11-12 00:00:00,2019-11-12 16:29:05,Q1,8558430.0,4144510.0,4413920.0,0.515739,0.0,392350.0,0.0,487160.0,879509.9999999998,5024020.0,-4440960.0,0.0,-5347510.0,-0.624824,3534410.0,0.412974,0.0,-906550.0,-0.105925,0.0,-906550.0,-0.105925,-0.06653,-0.06653,13625280,13625280,https://www.sec.gov/Archives/edgar/data/1578348/000119312519289995/0001193125-19-289995-index.html,https://www.sec.gov/Archives/edgar/data/1578348/000119312519289995/d823983d10q.htm
0,2019-06-30,ICMB,,,Q4,8121420.0,4034780.0,4086640.0,0.503193,0.0,429020.0,0.0,690600.0,1119630.0000000007,5154410.000000001,-8197450.0,0.0,-13427890,-1.653392,2967010.0,0.365331,0.0,-5230440.0,-0.64403,0.0,-5230440.0,-0.64403,-0.38404,-0.38404,13619530,13619530,,
0,2019-03-31,ICMB,2019-05-07 00:00:00,2019-05-07 16:09:59,Q3,8722590.0,4390330.0,4332260.0,0.496671,0.0,448030.0,0.0,480820.0,928840.0000000001,5319170.0,-4760960.0,0.0,-6118500.0,-0.701454,3403420.0,0.390185,0.0,-1357540.0,-0.155635,0.0,-1357540.0,-0.155635,-0.09972,-0.09972,13613690,13613690,https://www.sec.gov/Archives/edgar/data/1578348/000119312519139635/0001193125-19-139635-index.html,https://www.sec.gov/Archives/edgar/data/1578348/000119312519139635/d737782d10q.htm
0,2018-12-31,ICMB,2019-02-06 00:00:00,2019-02-06 16:07:32,Q2,9298920.0,4556580.0,4742340.0,0.509988,0.0,442880.0,0.0,580550.0,1023429.9999999994,5580009.999999999,-13101210,0.0,-22483510,-2.417863,3718910.0,0.399929,0.0,-9382300.0,-1.008967,0.0,-9382300.0,-1.008967,-0.68791,-0.68791,13638870,13638870,https://www.sec.gov/Archives/edgar/data/1578348/000119312519029532/0001193125-19-029532-index.html,https://www.sec.gov/Archives/edgar/data/1578348/000119312519029532/d633137d10q.htm
0,2018-09-30,ICMB,2018-11-07 00:00:00,2018-11-07 16:38:37,Q1,8250000.0,4060000.0,4190000.0,0.507879,0.0,330000.0,0.0,450000.0,790000.0,4850000.0,-1980000.0,0.0,-550000.0,-0.066667,3410000.0,0.413333,0.0,1430000.0,0.173333,0.0,1430000.0,0.173333,0.10476,0.10476,13650000,13650000,https://www.sec.gov/Archives/edgar/data/1578348/000119312518320990/0001193125-18-320990-index.html,https://www.sec.gov/Archives/edgar/data/1578348/000119312518320990/d645983d10q.htm
0,2018-06-30,ICMB,2018-09-04 00:00:00,2018-09-04 16:30:42,Q4,16940000,4950000.0,11990000,0.707792,0.0,700000.0,0.0,2750000.0,3450000.0,8400000.0,-5000000.0,0.0,-1460000.0,-0.086187,8540000.0,0.504132,-100000.0,3540000.0,0.208973,0.0,3540000.0,0.208973,0.25858,0.25858,13690000,13690000,https://www.sec.gov/Archives/edgar/data/1578348/000119312518266247/0001193125-18-266247-index.html,https://www.sec.gov/Archives/edgar/data/1578348/000119312518266247/d606106d10k.htm
0,2018-03-31,ICMB,2018-05-08 00:00:00,2018-05-08 16:09:56,Q3,8670000.0,4080000.0,4590000.0,0.529412,0.0,390000.0,0.0,460000.0,860000.0000000003,4940000.0,360000.0,0.0,4450000.0,0.513264,3730000.0,0.430219,0.0,4090000.0,0.471742,0.0,4090000.0,0.471742,0.29876,0.29876,13690000,13690000,https://www.sec.gov/Archives/edgar/data/1578348/000139834418007120/0001398344-18-007120-index.html,https://www.sec.gov/Archives/edgar/data/1578348/000139834418007120/fp0032715_10q.htm
0,2017-12-31,ICMB,2018-02-07 00:00:00,2018-02-07 16:06:22,Q2,8450000.0,4030000.0,4420000.0,0.523077,0.0,280000.0,0.0,450000.0,729999.9999999995,4759999.999999999,1170000.0,0.0,6030000.0,0.713609,3690000.0,0.436686,0.0,4860000.0,0.575148,0.0,4860000.0,0.575148,0.355,0.355,13690000,13690000,https://www.sec.gov/Archives/edgar/data/1578348/000139834418001685/0001398344-18-001685-index.html,https://www.sec.gov/Archives/edgar/data/1578348/000139834418001685/fp0030386_10q.htm
0,2017-09-30,ICMB,2017-11-07 00:00:00,2017-11-07 16:10:49,Q1,6730000.0,2810000.0,3920000.0,0.582467,0.0,310000.0,0.0,590000.0,899999.9999999999,3710000.0,120000.0,0.0,3260000.0,0.484398,3020000.0,0.448737,0.0,3140000.0,0.466568,0.0,3140000.0,0.466568,0.22936,0.22936,13690000,13690000,https://www.sec.gov/Archives/edgar/data/1578348/000139834417014332/0001398344-17-014332-index.html,https://www.sec.gov/Archives/edgar/data/1578348/000139834417014332/fp0027973_10q.htm
0,2017-06-30,ICMB,2017-09-06 00:00:00,2017-09-06 16:10:05,Q4,7190000.0,2680000.0,4510000.0,0.62726,0.0,640000.0,0.0,440000.0,1079999.9999999995,3759999.9999999995,1300000.0,0.0,6030000.0,0.838665,3430000.0,0.477051,0.0,4730000.0,0.657858,0.0,4730000.0,0.657858,0.34551,0.34551,13690000,13690000,https://www.sec.gov/Archives/edgar/data/1578348/000119312517277801/0001193125-17-277801-index.html,https://www.sec.gov/Archives/edgar/data/1578348/000119312517277801/d419533d10k.htm
0,2017-03-31,ICMB,2017-05-10 00:00:00,2017-05-10 16:06:10,Q3,7080000.0,3090000.0,3990000.0,0.563559,0.0,240000.0,0.0,330000.0,570000.0000000003,3660000.0000000005,2570000.0,0.0,8560000.0,1.20904,3420000.0,0.483051,0.0,5990000.0,0.846045,0.0,5990000.0,0.846045,0.43755,0.43755,13690000,13690000,https://www.sec.gov/Archives/edgar/data/1578348/000119312517165843/0001193125-17-165843-index.html,https://www.sec.gov/Archives/edgar/data/1578348/000119312517165843/d346076d10q.htm
0,2016-12-31,ICMB,2017-02-08 00:00:00,2017-02-08 16:03:58,Q2,9150000.0,3450000.0,5700000.0,0.622951,0.0,250000.0,0.0,580000.0,830000.0000000001,4280000.0,3680000.0,0.0,12230000,1.336612,4870000.0,0.53224,0.0,8550000.0,0.934426,0.0,8550000.0,0.934426,0.62454,0.62454,13690000,13690000,https://www.sec.gov/Archives/edgar/data/1578348/000119312517034611/0001193125-17-034611-index.html,https://www.sec.gov/Archives/edgar/data/1578348/000119312517034611/d237396d10q.htm
0,2016-09-30,ICMB,2016-11-09 00:00:00,2016-11-09 16:06:04,Q1,7580000.0,2580000.0,5000000.0,0.659631,0.0,290000.0,0.0,740000.0,1029999.9999999998,3610000.0,330000.0,0.0,4630000.0,0.610818,3970000.0,0.523747,0.0,4300000.0,0.567282,0.0,4300000.0,0.567282,0.31433,0.31433,13680000,13680000,https://www.sec.gov/Archives/edgar/data/1578348/000119312516764324/0001193125-16-764324-index.html,https://www.sec.gov/Archives/edgar/data/1578348/000119312516764324/d275123d10q.htm
0,2016-06-30,ICMB,,,Q4,7810000.0,2740000.0,5080000.0,0.650448,0.0,160000.0,0.0,520000.0,669999.9999999999,3410000.0,-410000.0,0.0,3580000.0,0.458387,4400000.0,0.56338,0.0,3990000.0,0.510883,0.0,3990000.0,0.510883,0.29167,0.29167,13680000,13680000,,
0,2016-03-31,ICMB,2016-05-09 00:00:00,2016-05-09 16:04:04,Q3,7940000.0,2730000.0,5210000.0,0.656171,0.0,400000.0,0.0,540000.0,940000.0,3670000.0,-2370000.0,0.0,-470000.0,-0.059194,4270000.0,0.537783,0.0,1900000.0,0.239295,0.0,1900000.0,0.239295,0.13889,0.13889,13680000,13680000,https://www.sec.gov/Archives/edgar/data/1578348/000114420416099893/0001144204-16-099893-index.html,https://www.sec.gov/Archives/edgar/data/1578348/000114420416099893/v438832_10q.htm
0,2015-12-31,ICMB,2016-02-08 00:00:00,2016-02-08 16:13:25,Q2,9960000.0,2760000.0,7200000.0,0.722892,0.0,260000.0,0.0,630000.0,880000.0000000003,3640000.0000000005,-21710000,0.0,-37110000,-3.725904,6320000.0,0.634538,0.0,-15400000,-1.546185,0.0,-15400000,-1.546185,-1.12655,-1.12655,13670000,13670000,https://www.sec.gov/Archives/edgar/data/1578348/000119312516453843/0001193125-16-453843-index.html,https://www.sec.gov/Archives/edgar/data/1578348/000119312516453843/d123103d10q.htm
0,2015-09-30,ICMB,2015-11-09 00:00:00,2015-11-09 16:25:07,Q1,9870000.0,4050000.0,5820000.0,0.589666,0.0,390000.0,0.0,560000.0,950000.0000000002,5000000.0,-4700000.0,0.0,-4530000.0,-0.458967,4870000.0,0.493414,0.0,170000.0,0.017224,0.0,170000.0,0.017224,0.01244,0.01244,13670000,13670000,https://www.sec.gov/Archives/edgar/data/1578348/000119312515371989/0001193125-15-371989-index.html,https://www.sec.gov/Archives/edgar/data/1578348/000119312515371989/d35667d10q.htm
0,2015-06-30,ICMB,2015-09-08 00:00:00,2015-09-08 16:06:12,Q4,11520000,4440000.0,7080000.0,0.614583,0.0,320000.0,0.0,510000.0,829999.9999999992,5269999.999999999,-1590000.0,0.0,3080000.0,0.267361,6250000.0,0.542535,0.0,4670000.0,0.405382,0.0,4670000.0,0.405382,0.34162,0.34162,13670000,13670000,https://www.sec.gov/Archives/edgar/data/1578348/000119312515314410/0001193125-15-314410-index.html,https://www.sec.gov/Archives/edgar/data/1578348/000119312515314410/d49892d10k.htm
0,2015-03-31,ICMB,2015-05-11 00:00:00,2015-05-11 16:09:08,Q3,8330000.0,2970000.0,5360000.0,0.643457,0.0,140000.0,0.0,480000.0,619999.9999999997,3589999.9999999995,-6650000.0,0.0,-8560000.0,-1.027611,4740000.0,0.569028,0.0,-1910000.0,-0.229292,0.0,-1910000.0,-0.229292,-0.13972,-0.13972,13670000,13670000,https://www.sec.gov/Archives/edgar/data/1578348/000119312515181920/0001193125-15-181920-index.html,https://www.sec.gov/Archives/edgar/data/1578348/000119312515181920/d919082d10q.htm
0,2014-12-31,ICMB,,,Q2,9210000.0,3830000.0,5370000.0,0.583062,0.0,250000.0,0.0,510000.0,759999.9999999998,4590000.0,3470000.0,0.0,11550000,1.254072,4610000.0,0.500543,0.0,8080000.0,0.877307,0.0,8080000.0,0.877307,0.59108,0.59108,13670000,13670000,,
0,2014-09-30,ICMB,2014-11-10 00:00:00,2014-11-10 16:35:00,Q1,7860000.0,2510000.0,5350000.0,0.680662,0.0,310000.0,0.0,430000.0,740000.0000000002,3250000.0,-20000.0,0.0,4570000.0,0.581425,4610000.0,0.586514,0.0,4590000.0,0.583969,0.0,4590000.0,0.583969,0.33577,0.33577,13670000,13670000,https://www.sec.gov/Archives/edgar/data/1578348/000119312514406152/0001193125-14-406152-index.html,https://www.sec.gov/Archives/edgar/data/1578348/000119312514406152/d815743d10q.htm
