,date,symbol,fillingDate,acceptedDate,period,revenue,costOfRevenue,grossProfit,grossProfitRatio,researchAndDevelopmentExpenses,generalAndAdministrativeExpenses,sellingAndMarketingExpenses,otherExpenses,operatingExpenses,costAndExpenses,interestExpense,depreciationAndAmortization,ebitda,ebitdaratio,operatingIncome,operatingIncomeRatio,totalOtherIncomeExpensesNet,incomeBeforeTax,incomeBeforeTaxRatio,incomeTaxExpense,netIncome,netIncomeRatio,eps,epsdiluted,weightedAverageShsOut,weightedAverageShsOutDil,link,finalLink
0,2020-09-30,GFED,2020-11-06,2020-11-06 14:01:23,Q3,134966000,0.0,134966000,1.0,0.0,0.0,0.0,-865672000,0.0,0.0,0.0,489994000,-2038282000,-15.10218869937614,-2528276000,-18.73268823259191,-528132000,-2528276000,-18.73268823259191,-437824000,-2090452000,-15.488730495087651,-481.587744053447,-481.587744053447,4340750.0,4340750.0,https://www.sec.gov/Archives/edgar/data/1046203/000143774920022963/0001437749-20-022963-index.htm,https://www.sec.gov/Archives/edgar/data/1046203/000143774920022963/gfed20200930_10q.htm
0,2020-06-30,GFED,2020-08-07,2020-08-07 10:57:56,Q2,10335370,0.0,10335370,1.0,0.0,8003330.0,0.0,1046477000,10139740,4258029.0,2136410.0,626190.0,5094630.0,3.3362835529,2332040.0,7.44053882453,673561000,2332040.0,7.44053882453,448650.0,1883380.0,6.00907718961,0.43388,0.43388,4340750.0,4340750.0,https://www.sec.gov/Archives/edgar/data/1046203/000143774920017002/0001437749-20-017002-index.htm,https://www.sec.gov/Archives/edgar/data/1046203/000143774920017002/gfed20200630_10q.htm
0,2020-03-31,GFED,2020-05-08,2020-05-08 10:17:46,Q1,9811460.0,3086530.0,6724930.0,0.6854158300599503,0.0,7298630.0,0.0,858812000,10385160,4068864.0,3086530.0,626649.9999999999,6226020.0,6.63896247349,2512840.0,6.14078796884,570054000,2512840.0,6.14078796884,407990.0,2104850.0,5.14375470426,0.4854,0.4854,4336300.0,4336300.0,https://www.sec.gov/Archives/edgar/data/1046203/000143774920009948/0001437749-20-009948-index.htm,https://www.sec.gov/Archives/edgar/data/1046203/000143774920005084/gfed20191231_10k.htm
0,2019-12-31,GFED,2020-03-13,2020-03-13 10:31:48,Q4,9614360.0,3304670.0,6309690.0,0.6562776929509608,0.0,6874640.0,0.0,0.0,10179310,4170458.0,3304670.0,661779.9999999999,6706180.0,6.70738656856,2739730.0,6.17589762317,0.0,2739730.0,6.17589762317,424040.0,2315690.0,5.22002136983,0.5266,0.5266,4397440.0,4397440.0,https://www.sec.gov/Archives/edgar/data/1046203/000143774920005084/0001437749-20-005084-index.htm,https://www.sec.gov/Archives/edgar/data/1046203/000143774920005084/gfed20191231_10k.htm
0,2019-09-30,GFED,2019-11-08,2019-11-08 10:54:03,Q3,10059270,3459480.0,6599790.0,0.656090352480846,0.0,7053460.0,0.0,1034328000,10512940,4263652.0,3459480.0,835910.0,7301210.0,6.98120126411,3005820.0,6.79970636872,573635000,3005820.0,6.79970636872,455280.0,2550540.0,5.76979126843,0.5726,0.5726,4454330.0,4454330.0,https://www.sec.gov/Archives/edgar/data/1046203/000143774919022076/0001437749-19-022076-index.htm,https://www.sec.gov/Archives/edgar/data/1046203/000143774919022076/gfed20190930_10q.htm
0,2019-06-30,GFED,2019-08-09,2019-08-09 10:25:11,Q2,9783700.0,3449150.0,6334550.0,0.6474595500679702,0.0,6926480.0,0.0,937206000,10375630,4072120.0,3449150.0,473310.0,6779670.0,6.89014126195,2857210.0,6.82012612845,586177000,2857210.0,6.82012612845,428710.0,2428500.0,5.79679809423,0.53919,0.53919,4503960.0,4503960.0,https://www.sec.gov/Archives/edgar/data/1046203/000143774919016171/0001437749-19-016171-index.htm,https://www.sec.gov/Archives/edgar/data/1046203/000143774919016171/gfed20190630_10q.htm
0,2019-03-31,GFED,2019-05-09,2019-05-09 13:23:11,Q1,9339060.0,3321720.0,6017340.0,0.6443196638633867,0.0,6843560.0,0.0,976551000,10165280,4078570.0,3321720.0,476440.0,6293650.0,6.51624061797,2495490.0,6.21029186327,536091000,2495490.0,6.21029186327,375130.0,2120360.0,5.27674251926,0.4713,0.4713,4498960.0,4498960.0,https://www.sec.gov/Archives/edgar/data/1046203/000143774919009244/0001437749-19-009244-index.htm,https://www.sec.gov/Archives/edgar/data/1046203/000143774919004433/gfed20181231_10k.htm
0,2018-12-31,GFED,2019-03-08,2019-03-08 13:04:17,Q4,10402890,2946830.0,7456060.0,0.7167296780029395,0.0,7393990.0,0.0,0.0,10340820,3755949.0,2946830.0,183970.00000000003,6139700.0,4.60582332117,3008900.0,4.55987748991,0.0,3008900.0,4.55987748991,624020.0,2384880.0,3.6141932277,0.53067,0.53067,4494070.0,4494070.0,https://www.sec.gov/Archives/edgar/data/1046203/000143774919004433/0001437749-19-004433-index.htm,https://www.sec.gov/Archives/edgar/data/1046203/000143774919004433/gfed20181231_10k.htm
0,2018-09-30,GFED,2018-11-09,2018-11-09 14:39:55,Q3,12190000,2650000.0,9540000.0,0.782608695652174,0.0,6870000.0,0.0,2920262000,9520000.0,3887582.0,2650000.0,530000.0,8500000.0,6.12373707633,5320000.0,11.1989362418,1484669000,5320000.0,11.1989362418,1390000.0,3930000.0,8.27418377905,0.87528,0.87528,4490000.0,4490000.0,https://www.sec.gov/Archives/edgar/data/1046203/000143774918020272/0001437749-18-020272-index.htm,https://www.sec.gov/Archives/edgar/data/1046203/000143774918020272/gfed20180930_10q.htm
0,2018-06-30,GFED,2018-08-09,2018-08-09 14:02:22,Q2,9920000.0,2410000.0,7510000.0,0.7570564516129032,0.0,10720000,0.0,1967278000,13130000,4101741.0,2410000.0,550000.0,2170000.0,-1.67804808238,-800000.0,-1.44301109942,897341000,-800000.0,-1.44301109942,-450000.0,-340000.0,-0.621335444402,-0.07727,-0.07727,4400000.0,4400000.0,https://www.sec.gov/Archives/edgar/data/1046203/000143774918015084/0001437749-18-015084-index.htm,https://www.sec.gov/Archives/edgar/data/1046203/000143774918015084/gfed20180630_10q.htm
0,2018-03-31,GFED,2018-05-14,2018-05-14 12:37:51,Q1,7350000.0,1930000.0,5420000.0,0.7374149659863946,0.0,5710000.0,0.0,791944000,7640000.0,3173424.0,1930000.0,330000.0,3910000.0,5.88802708992,1650000.0,5.20054482511,403940000,1650000.0,5.20054482511,290000.0,1360000.0,4.27455969429,0.30425,0.30425,4470000.0,4470000.0,https://www.sec.gov/Archives/edgar/data/1046203/000143774918009716/0001437749-18-009716-index.htm,https://www.sec.gov/Archives/edgar/data/1046203/000143774918005913/gfed20171231_10k.htm
0,2017-12-31,GFED,2018-03-30,2018-03-30 14:34:53,Q4,7380000.0,2090000.0,5290000.0,0.7168021680216802,0.0,5850000.0,0.0,0.0,7940000.0,3195692.0,2090000.0,369999.9999999999,2970000.0,0.304954461206,1520000.0,0.261623217855,0.0,1520000.0,0.261623217855,90000.0,420000.0,0.0719628508272,0.09417,0.09417,4460000.0,4460000.0,https://www.sec.gov/Archives/edgar/data/1046203/000143774918005913/0001437749-18-005913-index.htm,https://www.sec.gov/Archives/edgar/data/1046203/000143774918005913/gfed20171231_10k.htm
0,2017-09-30,GFED,2017-11-13,2017-11-13 14:12:46,Q3,7620000.0,1470000.0,6150000.0,0.8070866141732284,0.0,5460000.0,0.0,2144310000,6930000.0,3052417.0,1470000.0,320000.00000000006,3950000.0,0.356460685622,2160000.0,0.357077837282,1133548000,2160000.0,0.357077837282,440000.0,1720000.0,0.2837712907,0.38652,0.38652,4450000.0,4450000.0,https://www.sec.gov/Archives/edgar/data/1046203/000143774917019105/0001437749-17-019105-index.htm,https://www.sec.gov/Archives/edgar/data/1046203/000143774917019105/gfed20170930b_10q.htm
0,2017-06-30,GFED,2017-08-10,2017-08-10 13:13:05,Q2,7260000.0,1350000.0,5910000.0,0.8140495867768595,0.0,5150000.0,0.0,1386993000,6500000.0,2934648.0,1350000.0,239999.99999999997,3700000.0,0.362394784078,2110000.0,0.358850668826,780362000,2110000.0,0.358850668826,520000.0,1590000.0,0.270422683968,0.35892,0.35892,4430000.0,4430000.0,https://www.sec.gov/Archives/edgar/data/1046203/000143774917014385/0001437749-17-014385-index.htm,https://www.sec.gov/Archives/edgar/data/1046203/000143774917014385/gfed20170630_10q.htm
0,2017-03-31,GFED,2017-05-10,2017-05-10 14:46:36,Q1,6830000.0,1170000.0,5660000.0,0.828696925329429,0.0,4900000.0,0.0,661942000,6070000.0,2857771.0,1170000.0,230000.0,3330000.0,0.353501046188,1930000.0,0.345249440821,385084000,1930000.0,0.345249440821,500000.0,1430000.0,0.255315481174,0.32353,0.32353,4420000.0,4420000.0,https://www.sec.gov/Archives/edgar/data/1046203/000143774917008569/0001437749-17-008569-index.htm,https://www.sec.gov/Archives/edgar/data/1046203/000143774917005197/gfed20161231_10k.htm
0,2016-12-31,GFED,2017-03-24,2017-03-24 12:37:12,Q4,6830000.0,1070000.0,5760000.0,0.8433382137628112,0.0,4790000.0,0.0,0.0,5860000.0,2735697.0,1070000.0,229999.99999999997,3330000.0,0.372150859111,2030000.0,0.366082145378,0.0,2030000.0,0.366082145378,510000.0,1520000.0,0.273410093816,0.34389,0.34389,4420000.0,4420000.0,https://www.sec.gov/Archives/edgar/data/1046203/000143774917005197/0001437749-17-005197-index.htm,https://www.sec.gov/Archives/edgar/data/1046203/000143774917005197/gfed20161231_10k.htm
0,2016-09-30,GFED,2016-11-08,2016-11-08 12:51:54,Q3,6620000.0,1060000.0,5560000.0,0.8398791540785498,0.0,4520000.0,0.0,2036590000,5580000.0,2694069.0,1060000.0,219999.99999999997,3370000.0,0.400515692164,2100000.0,0.395596024403,1153718000,2100000.0,0.395596024403,550000.0,1540000.0,0.291028972153,0.34763,0.34763,4430000.0,4430000.0,https://www.sec.gov/Archives/edgar/data/1046203/000143774916041360/0001437749-16-041360-index.htm,https://www.sec.gov/Archives/edgar/data/1046203/000143774916041360/gfed20161103_10q.htm
0,2016-06-30,GFED,2016-08-05,2016-08-05 14:49:20,Q2,6360000.0,1030000.0,5330000.0,0.8380503144654088,0.0,4690000.0,0.0,1350368000,5720000.0,2705866.0,1030000.0,200000.0,2910000.0,0.313807234798,1670000.0,0.323040205256,766572000,1670000.0,0.323040205256,420000.0,1260000.0,0.242615979969,0.28507,0.28507,4420000.0,4420000.0,https://www.sec.gov/Archives/edgar/data/1046203/000143774916036584/0001437749-16-036584-index.htm,https://www.sec.gov/Archives/edgar/data/1046203/000143774916036584/gfed20160630_10q.htm
0,2016-03-31,GFED,2016-05-11,2016-05-11 14:02:38,Q1,6290000.0,1030000.0,5260000.0,0.8362480127186009,0.0,4490000.0,0.0,650613000,5520000.0,2550932.0,1030000.0,200000.0,3040000.0,0.380693886865,1800000.0,0.348283295692,383105000,1800000.0,0.348283295692,530000.0,1280000.0,0.24646625611,0.29025,0.29025,4410000.0,4410000.0,https://www.sec.gov/Archives/edgar/data/1046203/000143774916031533/0001437749-16-031533-index.htm,https://www.sec.gov/Archives/edgar/data/1046203/000143774916028415/gfed20151231_10k.htm
0,2015-12-31,GFED,2016-03-25,2016-03-25 14:50:23,Q4,6240000.0,1030000.0,5210000.0,0.8349358974358975,0.0,4250000.0,0.0,0.0,5280000.0,2380513.0,1030000.0,240000.0,3250000.0,0.395406830313,1990000.0,0.377692786007,0.0,1990000.0,0.377692786007,550000.0,1430000.0,0.272127338275,0.325,0.325,4400000.0,4400000.0,https://www.sec.gov/Archives/edgar/data/1046203/000143774916028415/0001437749-16-028415-index.htm,https://www.sec.gov/Archives/edgar/data/1046203/000143774916028415/gfed20151231_10k.htm
0,2015-09-30,GFED,2015-11-10,2015-11-10 16:53:16,Q3,6340000.0,1050000.0,5290000.0,0.8343848580441641,0.0,4310000.0,0.0,2174680000,5360000.0,2483512.0,1050000.0,230000.00000000003,3320000.0,0.406670422948,2040000.0,0.393712216084,1088611000,2040000.0,0.393712216084,620000.0,1420000.0,0.273739346214,0.32346,0.32346,4390000.0,4390000.0,https://www.sec.gov/Archives/edgar/data/1046203/000143774915020393/0001437749-15-020393-index.htm,https://www.sec.gov/Archives/edgar/data/1046203/000143774915020393/gfed20150930_10q.htm
0,2015-06-30,GFED,2015-08-07,2015-08-07 17:26:54,Q2,6780000.0,1110000.0,5670000.0,0.8362831858407079,0.0,4550000.0,0.0,1462903000,5660000.0,2488220.0,1110000.0,230000.0,3580000.0,0.428764418955,2230000.0,0.423596935535,691063000,2230000.0,0.423596935535,700000.0,1540000.0,0.291602185307,0.35566,0.35566,4330000.0,4330000.0,https://www.sec.gov/Archives/edgar/data/1046203/000143774915015276/0001437749-15-015276-index.htm,https://www.sec.gov/Archives/edgar/data/1046203/000143774915015276/gfed20150630_10q.htm
0,2015-03-31,GFED,2015-05-08,2015-05-08 12:41:41,Q1,6200000.0,1090000.0,5110000.0,0.8241935483870968,0.0,4280000.0,0.0,772865000,5370000.0,2453092.0,1090000.0,220000.0,3230000.0,0.374118712142,1920000.0,0.369130208603,345586000,1920000.0,0.369130208603,590000.0,1330000.0,0.255880978001,0.30023,0.30023,4430000.0,4430000.0,https://www.sec.gov/Archives/edgar/data/1046203/000143774915009435/0001437749-15-009435-index.htm,https://www.sec.gov/Archives/edgar/data/1046203/000143774915006227/gfed20141231_10k.htm
0,2014-12-31,GFED,2015-03-27,2015-03-27 13:54:07,Q4,6260000.0,1080000.0,5180000.0,0.8274760383386581,0.0,3150000.0,0.0,0.0,4230000.0,2139967.0,1080000.0,190000.00000000006,4370000.0,0.398851348505,3100000.0,0.411771868154,0.0,3100000.0,0.411771868154,1320000.0,1780000.0,0.330772133387,0.40826,0.40826,4360000.0,4360000.0,https://www.sec.gov/Archives/edgar/data/1046203/000143774915006227/0001437749-15-006227-index.htm,https://www.sec.gov/Archives/edgar/data/1046203/000143774915006227/gfed20141231_10k.htm
0,2014-09-30,GFED,2014-11-12,2014-11-12 15:27:41,Q3,5930000.0,1090000.0,4840000.0,0.8161888701517707,0.0,4300000.0,0.0,2888928000,5390000.0,2218655.0,1090000.0,189999.99999999994,2910000.0,0.30783185428,1630000.0,0.321526662472,1015486000,1630000.0,0.321526662472,270000.0,1360000.0,0.268822556322,0.31264,0.31264,4350000.0,4350000.0,https://www.sec.gov/Archives/edgar/data/1046203/000143774914020471/0001437749-14-020471-index.htm,https://www.sec.gov/Archives/edgar/data/1046203/000143774914020471/gfed20140930_10q.htm
0,2014-06-30,GFED,2014-08-08,2014-08-08 12:18:31,Q2,5840000.0,1060000.0,4780000.0,0.8184931506849316,0.0,3990000.0,0.0,2048444000,5050000.0,2231963.0,1060000.0,190000.0,3100000.0,0.324348629571,1850000.0,0.327842335014,678798000,1850000.0,0.327842335014,510000.0,1340000.0,0.268961072177,0.30876,0.30876,4340000.0,4340000.0,https://www.sec.gov/Archives/edgar/data/1046203/000143774914014748/0001437749-14-014748-index.htm,https://www.sec.gov/Archives/edgar/data/1046203/000143774914014748/gfed20140630_10q.htm
0,2014-03-31,GFED,2014-05-09,2014-05-09 14:02:02,Q1,6080000.0,1100000.0,4980000.0,0.819078947368421,0.0,4540000.0,0.0,1208804000,5640000.0,2304768.0,1100000.0,190000.0,2820000.0,0.307766610188,1530000.0,0.291349561632,331825000,1530000.0,0.291349561632,230000.0,1300000.0,0.247458580418,0.40248,0.40248,3230000.0,3230000.0,https://www.sec.gov/Archives/edgar/data/1046203/000143774914008551/0001437749-14-008551-index.htm,https://www.sec.gov/Archives/edgar/data/1046203/000143774914005389/gfed20131231_10k.htm
0,2013-12-31,GFED,2014-03-28,2014-03-28 15:53:42,Q4,6200000.0,1160000.0,5040000.0,0.8129032258064516,0.0,3500000.0,0.0,0.0,4660000.0,2136212.0,1160000.0,199999.99999999997,4050000.0,0.355011085204,2700000.0,0.331654606041,0.0,2700000.0,0.331654606041,1320000.0,1370000.0,0.25148460423,0.48582,0.48582,2820000.0,2820000.0,https://www.sec.gov/Archives/edgar/data/1046203/000143774914005389/0001437749-14-005389-index.htm,https://www.sec.gov/Archives/edgar/data/1046203/000143774914005389/gfed20131231_10k.htm
0,2013-09-30,GFED,2013-11-07,2013-11-07 17:29:44,Q3,6000000.0,1230000.0,4770000.0,0.795,0.0,4210000.0,0.0,2959708000,5440000.0,2257469.0,1230000.0,210000.00000000003,3230000.0,0.348510122775,1790000.0,0.348782769067,956241000,1790000.0,0.348782769067,440000.0,1350000.0,0.262878289406,0.47872,0.47872,2820000.0,2820000.0,https://www.sec.gov/Archives/edgar/data/1046203/000143774913014180/0001437749-13-014180-index.htm,https://www.sec.gov/Archives/edgar/data/1046203/000143774913014180/gfed20130930_10q.htm
0,2013-06-30,GFED,2013-08-09,2013-08-09 14:33:31,Q2,7870000.0,1280000.0,6590000.0,0.8373570520965693,0.0,5780000.0,0.0,2056663000,7060000.0,2272746.0,1280000.0,219999.99999999997,3590000.0,0.417176999603,2090000.0,0.402624001888,628567000,2090000.0,0.402624001888,520000.0,1570000.0,0.302321764973,0.55872,0.55872,2810000.0,2810000.0,https://www.sec.gov/Archives/edgar/data/1046203/000143774913010402/0001437749-13-010402-index.htm,https://www.sec.gov/Archives/edgar/data/1046203/000143774913010402/gfed20130803_10q.htm
0,2013-03-31,GFED,2013-05-10,2013-05-10 17:26:11,Q1,6010000.0,1430000.0,4580000.0,0.762063227953411,0.0,4830000.0,0.0,1189135000,6260000.0,2392362.0,1430000.0,190000.0,2800000.0,0.250531177755,1190000.0,0.23750182068,309594000,1190000.0,0.23750182068,230000.0,950000.0,0.190863962998,0.31987,0.31987,2970000.0,2970000.0,https://www.sec.gov/Archives/edgar/data/1046203/000143774913005820/0001437749-13-005820-index.htm,https://www.sec.gov/Archives/edgar/data/1046203/000143774913003637/gfed_10k-123112.htm
0,2012-12-31,GFED,2013-03-28,2013-03-28 16:45:12,Q4,6460000.0,1570000.0,4890000.0,0.7569659442724458,0.0,4540000.0,0.0,0.0,6110000.0,2294318.0,1570000.0,209999.99999999997,3710000.0,0.376344211725,1930000.0,0.352289050638,0.0,1930000.0,0.352289050638,450000.0,1480000.0,0.270724497058,0.44713,0.44713,3310000.0,3310000.0,https://www.sec.gov/Archives/edgar/data/1046203/000143774913003637/0001437749-13-003637-index.htm,https://www.sec.gov/Archives/edgar/data/1046203/000143774913003637/gfed_10k-123112.htm
0,2012-09-30,GFED,2012-11-14,2012-11-14 13:26:53,Q3,5520000.0,1700000.0,3820000.0,0.6920289855072463,0.0,6700000.0,0.0,2699220000,8400000.0,2336622.0,1700000.0,210000.00000000003,720000.0,-0.219239324016,-1180000.0,-0.230045184822,1171043000,-1180000.0,-0.230045184822,-470000.0,-720000.0,-0.139421229867,-0.26471,-0.26471,2720000.0,2720000.0,https://www.sec.gov/Archives/edgar/data/1046203/000143774912011672/0001437749-12-011672-index.htm,https://www.sec.gov/Archives/edgar/data/1046203/000143774912011672/gfbi_10q-093012.htm
0,2012-06-30,GFED,2012-08-10,2012-08-10 16:06:59,Q2,6150000.0,1730000.0,4420000.0,0.71869918699187,0.0,6000000.0,0.0,1685409000,7730000.0,2281876.0,1730000.0,160000.0,2040000.0,-0.00355760895984,150000.0,0.0296835675579,590583000,150000.0,0.0296835675579,-190000.0,340000.0,0.0672885540766,0.12546,0.12546,2710000.0,2710000.0,https://www.sec.gov/Archives/edgar/data/1046203/000143774912008203/0001437749-12-008203-index.htm,https://www.sec.gov/Archives/edgar/data/1046203/000143774912008203/gfbi_10q-063012.htm
0,2012-03-31,GFED,2012-05-14,2012-05-14 17:16:50,Q1,5870000.0,1850000.0,4020000.0,0.6848381601362862,0.0,4950000.0,0.0,897545000,6800000.0,2335096.0,1850000.0,170000.0,2930000.0,0.218657865629,920000.0,0.182479586393,293148000,920000.0,0.182479586393,80000.0,830000.0,0.166419446498,0.29329,0.29329,2830000.0,2830000.0,https://www.sec.gov/Archives/edgar/data/1046203/000114036112025063/0001140361-12-025063-index.htm,https://www.sec.gov/Archives/edgar/data/1046203/000114036112018268/form10k.htm
0,2011-12-31,GFED,2012-03-30,2012-03-30 13:37:53,Q4,7510000.0,1990000.0,5520000.0,0.7350199733688415,0.0,5960000.0,0.0,0.0,7950000.0,2167030.0,1990000.0,219999.99999999997,3760000.0,0.158682104499,1550000.0,0.282142068482,0.0,1550000.0,0.282142068482,240000.0,1310000.0,0.2382259441,0.48881,0.48881,2680000.0,2680000.0,https://www.sec.gov/Archives/edgar/data/1046203/000114036112018268/0001140361-12-018268-index.htm,https://www.sec.gov/Archives/edgar/data/1046203/000114036112018268/form10k.htm
0,2011-09-30,GFED,2011-11-14,2011-11-14 11:26:36,Q3,6330000.0,2400000.0,3930000.0,0.6208530805687204,0.0,4780000.0,0.0,2620805000,7180000.0,2264025.0,2400000.0,159999.99999999997,4110000.0,0.332301142987,1540000.0,0.289429136653,818458000,1540000.0,0.289429136653,330000.0,1220000.0,0.228014092409,0.45522,0.45522,2680000.0,2680000.0,https://www.sec.gov/Archives/edgar/data/1046203/000114036111053124/0001140361-11-053124-index.htm,https://www.sec.gov/Archives/edgar/data/1046203/000114036111053124/form10q.htm
0,2011-06-30,GFED,2011-08-12,2011-08-12 14:56:20,Q2,5820000.0,2540000.0,3280000.0,0.563573883161512,0.0,4920000.0,0.0,1820758000,7460000.0,-96282544342,2540000.0,160000.00000000003,3600000.0,0.0708154249074,900000.0,0.0120536131888,538882000,900000.0,0.0120536131888,110000.0,790000.0,-0.0523119788147,0.29259,0.29259,2700000.0,2700000.0,https://www.sec.gov/Archives/edgar/data/1046203/000114036111041477/0001140361-11-041477-index.htm,https://www.sec.gov/Archives/edgar/data/1046203/000114036111041477/form10q.htm
0,2011-03-31,GFED,2011-05-16,2011-05-16 11:52:08,Q1,5600000.0,2690000.0,2910000.0,0.5196428571428572,0.0,5050000.0,0.0,959804000,7740000.0,0.0,2690000.0,180000.0,3420000.0,0.0,550000.0,0.0,263554000,550000.0,0.0,30000.0,520000.0,0.0,0.19403,0.19403,2680000.0,2680000.0,https://www.sec.gov/Archives/edgar/data/1046203/000114036111027562/0001140361-11-027562-index.htm,https://www.sec.gov/Archives/edgar/data/1046203/000114036111019431/form10-k.htm
0,2010-12-31,GFED,2011-03-30,2011-03-30 15:25:32,Q4,5710000.0,3190000.0,2520000.0,0.4413309982486865,0.0,6520000.0,0.0,0.0,9710000.0,0.0,3190000.0,209999.99999999997,2590000.0,0.0,-810000.0,0.0,0.0,-810000.0,0.0,-450000.0,-360000.0,0.0,-0.13585,-0.13585,2650000.0,2650000.0,https://www.sec.gov/Archives/edgar/data/1046203/000114036111019431/0001140361-11-019431-index.htm,https://www.sec.gov/Archives/edgar/data/1046203/000114036111019431/form10-k.htm
0,2010-09-30,GFED,2010-11-15,2010-11-15 11:50:24,Q3,5350000.0,3660000.0,1690000.0,0.31588785046728973,0.0,4680000.0,0.0,2036501000,8340000.0,0.0,3660000.0,200000.0,4530000.0,0.0,670000.0,0.0,934657.0,670000.0,0.0,150000.0,520000.0,0.0,0.19476,0.19476,2670000.0,2670000.0,https://www.sec.gov/Archives/edgar/data/1046203/000114036110045481/0001140361-10-045481-index.htm,https://www.sec.gov/Archives/edgar/data/1046203/000114036110045481/form10q.htm
0,2010-06-30,GFED,2010-08-13,2010-08-13 09:08:22,Q2,5460000.0,3810000.0,1650000.0,0.3021978021978022,0.0,4830000.0,0.0,1372639000,8640000.0,0.0,3810000.0,210000.0,4650000.0,0.0,640000.0,0.0,631709.0,640000.0,0.0,140000.0,490000.0,0.0,0.18284,0.18284,2680000.0,2680000.0,https://www.sec.gov/Archives/edgar/data/1046203/000114036110033209/0001140361-10-033209-index.htm,https://www.sec.gov/Archives/edgar/data/1046203/000114036110033209/form10q.htm
0,2010-03-31,GFED,2010-05-12,2010-05-12 14:03:39,Q1,5280000.0,4160000.0,1120000.0,0.21212121212121213,0.0,4710000.0,0.0,653466000,8870000.0,0.0,4160000.0,210000.0,4950000.0,0.0,580000.0,0.0,303687.0,580000.0,0.0,100000.0,480000.0,0.0,0.18182,0.18182,2640000.0,2640000.0,https://www.sec.gov/Archives/edgar/data/1046203/000114036110020636/0001140361-10-020636-index.htm,https://www.sec.gov/Archives/edgar/data/1046203/000114036110014154/form10k.htm
0,2009-12-31,GFED,2010-03-30,2010-03-30 16:01:46,Q4,4210000.0,4930000.0,-720000.0,-0.171021377672209,0.0,5490000.0,0.0,0.0,10420000,0.0,4930000.0,229999.99999999997,3880000.0,0.0,-1280000.0,0.0,0.0,-1280000.0,0.0,-590000.0,-690000.0,0.0,-0.26236,-0.26236,2630000.0,2630000.0,https://www.sec.gov/Archives/edgar/data/1046203/000114036110014154/0001140361-10-014154-index.htm,https://www.sec.gov/Archives/edgar/data/1046203/000114036110014154/form10k.htm
0,2009-09-30,GFED,2009-11-16,2009-11-16 10:57:34,Q3,4780000.0,5090000.0,-310000.0,-0.06485355648535565,0.0,4060000.0,0.0,1966480000,9150000.0,0.0,5090000.0,219999.99999999997,6020000.0,0.0,720000.0,0.0,562929.0,720000.0,0.0,140000.0,570000.0,0.0,0.21348,0.21348,2670000.0,2670000.0,https://www.sec.gov/Archives/edgar/data/1046203/000114036109026151/0001140361-09-026151-index.htm,https://www.sec.gov/Archives/edgar/data/1046203/000114036109026151/form10-q.htm
0,2009-06-30,GFED,2009-08-12,2009-08-12 13:23:30,Q2,4820000.0,5200000.0,-380000.0,-0.07883817427385892,0.0,7340000.0,0.0,1485571000,12540000,0.0,5200000.0,270000.0,2960000.0,0.0,-2510000.0,0.0,345103.0,-2510000.0,0.0,-880000.0,-1630000.0,0.0,-0.62214,-0.62214,2620000.0,2620000.0,https://www.sec.gov/Archives/edgar/data/1046203/000114036109018725/0001140361-09-018725-index.htm,https://www.sec.gov/Archives/edgar/data/1046203/000114036109018725/form10q.htm
0,2009-03-31,GFED,2009-05-15,2009-05-15 11:19:15,Q1,3830000.0,5310000.0,-1480000.0,-0.38642297650130547,0.0,4730000.0,0.0,754733000,10040000,0.0,5310000.0,250000.0,4660000.0,0.0,-900000.0,0.0,167740.0,-900000.0,0.0,-310000.0,-590000.0,0.0,-0.22519,-0.22519,2620000.0,2620000.0,https://www.sec.gov/Archives/edgar/data/1046203/000114036109012357/0001140361-09-012357-index.htm,https://www.sec.gov/Archives/edgar/data/1046203/000114036109008285/form10k.htm
0,2008-12-31,GFED,2009-03-31,2009-03-31 12:20:51,Q4,3940000.0,4760000.0,-820000.0,-0.20812182741116753,0.0,9850000.0,0.0,0.0,14610000,0.0,4760000.0,259999.9999999999,-880000.0000000001,0.0,-5900000.0,0.0,650774.0,-5900000.0,0.0,-2120000.0,-3780000.0,0.0,-1.512,-1.512,2500000.0,2500000.0,https://www.sec.gov/Archives/edgar/data/1046203/000114036109008285/0001140361-09-008285-index.htm,https://www.sec.gov/Archives/edgar/data/1046203/000114036109008285/form10k.htm
0,2008-09-30,GFED,2008-11-14,2008-11-14 10:45:11,Q3,5370000.0,4750000.0,620000.0,0.1154562383612663,0.0,4850000.0,0.0,2084372000,9600000.0,0.0,4750000.0,250000.00000000006,5530000.0,0.0,530000.0,0.0,555694.0,530000.0,0.0,230000.0,300000.0,0.0,0.11029,0.11029,2720000.0,2720000.0,https://www.sec.gov/Archives/edgar/data/1046203/000114036108025397/0001140361-08-025397-index.htm,https://www.sec.gov/Archives/edgar/data/1046203/000114036108025397/form10-q.htm
0,2008-06-30,GFED,2008-08-14,2008-08-13 18:16:50,Q2,4930000.0,4810000.0,120000.0,0.02434077079107505,0.0,8890000.0,0.0,1400927000,13700000,0.0,4810000.0,220000.0,1060000.0,0.0,-3960000.0,0.0,381184.0,-3960000.0,0.0,-1470000.0,-2500000.0,0.0,-0.96154,-0.96154,2600000.0,2600000.0,https://www.sec.gov/Archives/edgar/data/1046203/000114036108019233/0001140361-08-019233-index.htm,https://www.sec.gov/Archives/edgar/data/1046203/000114036108019233/form10q.htm
0,2008-03-31,GFED,2008-05-14,2008-05-14 15:06:53,Q1,4910000.0,5200000.0,-290000.0,-0.059063136456211814,0.0,3920000.0,0.0,570044000,9120000.0,0.0,5200000.0,210000.0,6400000.0,0.0,990000.0,0.0,198178.0,990000.0,0.0,370000.0,620000.0,0.0,0.23396,0.23396,2650000.0,2650000.0,https://www.sec.gov/Archives/edgar/data/1046203/000114036108012379/0001140361-08-012379-index.htm,https://www.sec.gov/Archives/edgar/data/1046203/000114036108008174/form10k.htm
0,2007-12-31,GFED,2008-03-31,2008-03-31 16:21:47,Q4,5230000.0,5350000.0,-120000.0,-0.022944550669216062,0.0,3190000.0,0.0,0.0,8540000.0,0.0,5350000.0,240000.0,7630000.0,0.0,2030000.0,0.0,780117.0,2030000.0,0.0,720000.0,1320000.0,0.0,0.47653,0.47653,2770000.0,2770000.0,https://www.sec.gov/Archives/edgar/data/1046203/000114036108008174/0001140361-08-008174-index.htm,https://www.sec.gov/Archives/edgar/data/1046203/000114036108008174/form10k.htm
0,2007-09-30,GFED,2007-11-14,2007-11-14 16:57:23,Q3,5700000.0,5200000.0,500000.0,0.08771929824561403,0.0,3200000.0,0.0,576406000,8400000.0,0.0,5200000.0,220000.00000000003,7920000.0,0.0,2510000.0,0.0,167989.0,2510000.0,0.0,890000.0,1610000.0,0.0,0.58974,0.58974,2730000.0,2730000.0,https://www.sec.gov/Archives/edgar/data/1046203/000114036107021990/0001140361-07-021990-index.htm,https://www.sec.gov/Archives/edgar/data/1046203/000114036107021990/form10-q.htm
0,2007-06-30,GFED,2007-08-14,2007-08-14 12:33:57,Q2,5410000.0,5030000.0,380000.0,0.07024029574861368,0.0,3210000.0,0.0,561979000,8240000.0,0.0,5030000.0,220000.0,7460000.0,0.0,2200000.0,0.0,174187.0,2200000.0,0.0,790000.0,1420000.0,0.0,0.50355,0.50355,2820000.0,2820000.0,https://www.sec.gov/Archives/edgar/data/1046203/000114036107016278/0001140361-07-016278-index.htm,https://www.sec.gov/Archives/edgar/data/1046203/000114036107016278/form10q.htm
0,2007-03-31,GFED,2007-05-15,2007-05-15 08:58:26,Q1,5840000.0,4950000.0,890000.0,0.1523972602739726,0.0,3090000.0,0.0,512544000,8040000.0,0.0,4950000.0,220000.0,7920000.0,0.0,2760000.0,0.0,168977.0,2760000.0,0.0,1000000.0,1750000.0,0.0,0.6162,0.6162,2840000.0,2840000.0,https://www.sec.gov/Archives/edgar/data/1046203/000114036107009889/0001140361-07-009889-index.htm,https://www.sec.gov/Archives/edgar/data/1046203/000114036107006571/form10-k.htm
0,2006-12-31,GFED,2007-03-30,2007-03-30 10:38:39,Q4,5700000.0,4950000.0,750000.0,0.13157894736842105,0.0,2790000.0,0.0,0.0,7740000.0,0.0,4950000.0,240000.0000000001,8100000.0,0.0,2910000.0,0.0,0.0,2910000.0,0.0,1170000.0,1740000.0,0.0,0.60627,0.60627,2870000.0,2870000.0,https://www.sec.gov/Archives/edgar/data/1046203/000114036107006571/0001140361-07-006571-index.htm,https://www.sec.gov/Archives/edgar/data/1046203/000114036107006571/form10-k.htm
0,2006-09-30,GFED,2006-11-14,2006-11-14 09:15:34,Q3,5430000.0,4540000.0,890000.0,0.16390423572744015,0.0,2780000.0,0.0,435072000,7320000.0,0.0,4540000.0,239999.99999999994,7440000.0,0.0,2650000.0,0.0,199570.0,2650000.0,0.0,1030000.0,1630000.0,0.0,0.56401,0.56401,2890000.0,2890000.0,https://www.sec.gov/Archives/edgar/data/1046203/000104620306000036/0001046203-06-000036-index.htm,https://www.sec.gov/Archives/edgar/data/1046203/000104620306000036/gfed9300610q.htm
0,2006-06-30,GFED,2006-08-14,2006-08-14 12:05:15,Q2,5220000.0,4130000.0,1090000.0,0.20881226053639848,0.0,2780000.0,0.0,508805000,6910000.0,0.0,4130000.0,170000.0,6750000.0,0.0,2450000.0,0.0,225856.0,2450000.0,0.0,870000.0,1580000.0,0.0,0.54296,0.54296,2910000.0,2910000.0,https://www.sec.gov/Archives/edgar/data/1046203/000104620306000027/0001046203-06-000027-index.htm,https://www.sec.gov/Archives/edgar/data/1046203/000104620306000027/gfed6300610q.htm
0,2006-03-31,GFED,2006-05-12,2006-05-12 10:43:48,Q1,5130000.0,3770000.0,1360000.0,0.2651072124756335,0.0,2600000.0,0.0,439795000,6370000.0,0.0,3770000.0,160000.0,6460000.0,0.0,2540000.0,0.0,100019.0,2540000.0,0.0,970000.0,1560000.0,0.0,0.53608,0.53608,2910000.0,2910000.0,https://www.sec.gov/Archives/edgar/data/1046203/000104620306000018/0001046203-06-000018-index.htm,https://www.sec.gov/Archives/edgar/data/1046203/000104620306000012/form10k.htm
0,2005-12-31,GFED,2006-03-31,2006-03-31 15:03:12,Q4,5150000.0,3490000.0,1660000.0,0.32233009708737864,0.0,2510000.0,0.0,1708612000,6000000.0,0.0,3490000.0,180000.00000000006,6320000.0,0.0,2650000.0,0.0,324296.0,2650000.0,0.0,1000000.0,1650000.0,0.0,0.56314,0.56314,2930000.0,2930000.0,https://www.sec.gov/Archives/edgar/data/1046203/000104620306000012/0001046203-06-000012-index.htm,https://www.sec.gov/Archives/edgar/data/1046203/000104620306000012/form10k.htm
0,2005-09-30,GFED,,Not found...,Q3,4920000.0,3130000.0,4920000.0,1.0,0.0,2400000.0,0.0,0.0,5530000.0,0.0,3130000.0,189999.99999999994,5850000.0,0.0,2520000.0,0.0,0.0,2520000.0,0.0,940000.0,1590000.0,0.0,0.54828,0.54828,2900000.0,2900000.0,,
0,2005-08-30,GFED,2005-11-14,2005-11-14 12:44:55,Q3,0.0,0.0,0.0,0.0,0.0,0.0,0.0,439170000,0.0,0.0,0.0,181388000,2703725000,0.0,2522337000,0.0,95558000,2522337000,0.0,935076000,1587261000,0.0,0.57,0.57,2784668421,2784668421,https://www.sec.gov/Archives/edgar/data/1046203/000104620305000044/0001046203-05-000044-index.htm,https://www.sec.gov/Archives/edgar/data/1046203/000104620305000044/mainbody.htm
0,2005-06-30,GFED,2005-08-15,2005-08-15 12:22:52,Q2,4620000.0,2780000.0,1840000.0,0.39826839826839827,0.0,2310000.0,0.0,446984000,5090000.0,0.0,2780000.0,210000.00000000003,5300000.0,0.0,2310000.0,0.0,74167.0,2310000.0,0.0,860000.0,1450000.0,0.0,0.50173,0.50173,2890000.0,2890000.0,https://www.sec.gov/Archives/edgar/data/1046203/000104620305000038/0001046203-05-000038-index.htm,https://www.sec.gov/Archives/edgar/data/1046203/000104620305000038/mainbody.htm
0,2005-03-31,GFED,2005-05-12,2005-05-12 14:16:45,Q1,4320000.0,2460000.0,1860000.0,0.4305555555555556,0.0,2410000.0,0.0,448092000,4870000.0,0.0,2460000.0,180000.0,4570000.0,0.0,1920000.0,0.0,70550.0,1920000.0,0.0,710000.0,1220000.0,0.0,0.41781,0.41781,2920000.0,2920000.0,https://www.sec.gov/Archives/edgar/data/1046203/000104620305000019/0001046203-05-000019-index.htm,https://www.sec.gov/Archives/edgar/data/1046203/000104620305000011/mainbody.htm
0,2004-12-31,GFED,2005-03-30,2005-03-30 11:29:19,Q4,4230000.0,2340000.0,1890000.0,0.44680851063829785,0.0,2310000.0,0.0,0.0,4650000.0,0.0,2340000.0,210000.00000000003,4480000.0,0.0,1920000.0,0.0,0.0,1920000.0,0.0,780000.0,1150000.0,0.0,0.39519,0.39519,2910000.0,2910000.0,https://www.sec.gov/Archives/edgar/data/1046203/000104620305000011/0001046203-05-000011-index.htm,https://www.sec.gov/Archives/edgar/data/1046203/000104620305000011/mainbody.htm
0,2004-09-30,GFED,2004-11-12,2004-11-12 10:41:25,Q3,4030000.0,2120000.0,1910000.0,0.4739454094292804,0.0,2270000.0,0.0,408055000,4390000.0,0.0,2120000.0,160000.00000000003,4040000.0,0.0,1760000.0,0.0,42503.0,1760000.0,0.0,600000.0,1160000.0,0.0,0.39726,0.39726,2920000.0,2920000.0,https://www.sec.gov/Archives/edgar/data/1046203/000104620304000054/0001046203-04-000054-index.htm,https://www.sec.gov/Archives/edgar/data/1046203/000104620304000054/mainbody.htm
0,2004-06-30,GFED,2004-08-10,2004-08-10 10:20:08,Q2,3820000.0,1930000.0,1890000.0,0.49476439790575916,0.0,2310000.0,0.0,433056000,4240000.0,0.0,1930000.0,150000.0,3600000.0,0.0,1510000.0,0.0,42968.0,1510000.0,0.0,500000.0,1020000.0,0.0,0.34694,0.34694,2940000.0,2940000.0,https://www.sec.gov/Archives/edgar/data/1046203/000104620304000041/0001046203-04-000041-index.htm,https://www.sec.gov/Archives/edgar/data/1046203/000104620304000041/mainbody.htm
0,2004-03-31,GFED,2004-05-12,2004-05-12 16:45:13,Q1,3640000.0,2050000.0,1590000.0,0.4368131868131868,0.0,2230000.0,0.0,432081000,4280000.0,0.0,2050000.0,150000.0,3610000.0,0.0,1410000.0,0.0,42456.0,1410000.0,0.0,440000.0,970000.0,0.0,0.33219,0.33219,2920000.0,2920000.0,https://www.sec.gov/Archives/edgar/data/1046203/000104620304000026/0001046203-04-000026-index.htm,https://www.sec.gov/Archives/edgar/data/1046203/000104620304000014/mainbody.htm
0,2003-12-31,GFED,2004-03-30,2004-03-30 16:52:16,Q4,3540000.0,2160000.0,1380000.0,0.3898305084745763,0.0,2950000.0,0.0,770486000,5110000.0,0.0,2160000.0,150000.00000000003,2900000.0,0.0,590000.0,0.0,80691.0,590000.0,0.0,170000.0,420000.0,0.0,0.14483,0.14483,2900000.0,2900000.0,https://www.sec.gov/Archives/edgar/data/1046203/000104620304000014/0001046203-04-000014-index.htm,https://www.sec.gov/Archives/edgar/data/1046203/000104620304000014/mainbody.htm
0,2003-09-30,GFED,2003-11-06,2003-11-06 15:09:03,Q3,3900000.0,2330000.0,1570000.0,0.4025641025641026,0.0,2210000.0,0.0,372624000,4540000.0,0.0,2330000.0,190000.0,4220000.0,0.37713106400061,1700000.0,0.33910895794815105,52502.0,1700000.0,0.33910895794815105,620000.0,1080000.0,0.21546467115981233,0.37631,0.37631,2870000.0,2870000.0,https://www.sec.gov/Archives/edgar/data/1046203/000104620303000029/0001046203-03-000029-index.htm,https://www.sec.gov/Archives/edgar/data/1046203/000101540203003953/mainbody.htm
0,2003-06-30,GFED,2003-09-29,2003-09-29 15:29:40,Q2,3450000.0,2580000.0,870000.0,0.25217391304347825,0.0,2220000.0,0.0,-370391000,4800000.0,0.0,2580000.0,180000.00000000006,3990000.0,-553.8037220122128,1230000.0,-380.13114277406225,0.0,1230000.0,-380.13114277406225,300000.0,930000.0,-256.20907240476885,0.32632,0.32632,2850000.0,2850000.0,https://www.sec.gov/Archives/edgar/data/1046203/000101540203003953/0001015402-03-003953-index.htm,https://www.sec.gov/Archives/edgar/data/1046203/000101540203003953/mainbody.htm
0,2003-03-31,GFED,2003-05-08,2003-05-08 12:52:29,Q1,3620000.0,2780000.0,840000.0,0.23204419889502761,0.0,2310000.0,0.0,370391000,5090000.0,0.0,2780000.0,199999.99999999997,4300000.0,0.2851378184880432,1310000.0,0.24743381864036737,45916.0,1310000.0,0.24743381864036737,430000.0,890000.0,0.16678043848620702,0.31119,0.31119,2860000.0,2860000.0,https://www.sec.gov/Archives/edgar/data/1046203/000104620303000015/0001046203-03-000015-index.htm,https://www.sec.gov/Archives/edgar/data/1046203/000104620303000015/mar2003edgar10q.htm
0,2002-12-31,GFED,2003-02-10 00:00:00,2003-02-10 10:00:59,Q4,3470000.0,2970000.0,3470000.0,1.0,0.0,2150000.0,0.0,0.0,5120000.0,0.0,2970000.0,200000.0,4500000.0,0.0,1330000.0,0.0,0.0,1330000.0,0.0,460000.0,870000.0,0.0,0.3042,0.3042,2860000.0,2860000.0,https://www.sec.gov/Archives/edgar/data/1046203/000104620303000010/0001046203-03-000010-index.html,https://www.sec.gov/Archives/edgar/data/1046203/000104620303000010/dec2002edgar10q.htm
0,2002-09-30,GFED,2002-11-14 00:00:00,2002-11-13 19:16:44,Q3,3490000.0,3120000.0,3490000.0,1.0,0.0,2130000.0,0.0,0.0,5250000.0,0.0,3120000.0,200000.0,4690000.0,0.0,1360000.0,0.0,0.0,1360000.0,0.0,470000.0,900000.0,0.0,0.3169,0.3169,2840000.0,2840000.0,https://www.sec.gov/Archives/edgar/data/1046203/000095000502001060/0000950005-02-001060-index.html,https://www.sec.gov/Archives/edgar/data/1046203/000095000502001060/p16279_10q.txt
0,2002-06-30,GFED,2002-09-27 00:00:00,2002-09-27 16:53:58,Q2,3690000.0,3130000.0,3690000.0,1.0,0.0,2320000.0,0.0,0.0,5450000.0,0.0,3130000.0,320000.00000000006,4820000.0,0.0,1370000.0,0.0,0.0,1370000.0,0.0,490000.0,880000.0,0.0,0.31429,0.31429,2800000.0,2800000.0,https://www.sec.gov/Archives/edgar/data/1046203/000090690302000053/0000906903-02-000053-index.html,https://www.sec.gov/Archives/edgar/data/1046203/000090690302000053/form10k.htm
0,2002-03-31,GFED,2002-05-06 00:00:00,2002-05-06 16:33:18,Q1,3670000.0,3330000.0,3670000.0,1.0,0.0,2440000.0,0.0,0.0,5770000.0,0.0,3330000.0,259999.99999999994,4830000.0,0.0,1240000.0,0.0,0.0,1240000.0,0.0,420000.0,820000.0,0.0,0.2141,0.2141,3830000.0,3830000.0,https://www.sec.gov/Archives/edgar/data/1046203/000092838502001842/0000928385-02-001842-index.html,https://www.sec.gov/Archives/edgar/data/1046203/000092838502001842/d10q.txt
0,2001-12-31,GFED,2002-02-11 00:00:00,2002-02-11 00:00:00,Q4,3840000.0,3680000.0,3840000.0,1.0,0.0,2460000.0,0.0,0.0,6140000.0,0.0,3680000.0,220000.0,5280000.0,0.0,1380000.0,0.0,0.0,1380000.0,0.0,450000.0,930000.0,0.0,0.24031,0.24031,3870000.0,3870000.0,https://www.sec.gov/Archives/edgar/data/1046203/000092838502000337/0000928385-02-000337-index.html,https://www.sec.gov/Archives/edgar/data/1046203/000092838502000337/d10q.txt
0,2001-09-30,GFED,2001-11-13 00:00:00,2001-11-13 00:00:00,Q3,3580000.0,3950000.0,3580000.0,1.0,0.0,2090000.0,0.0,0.0,6040000.0,0.0,3950000.0,220000.0,5670000.0,0.0,1500000.0,0.0,0.0,1500000.0,0.0,530000.0,970000.0,0.0,0.25195,0.25195,3850000.0,3850000.0,https://www.sec.gov/Archives/edgar/data/1046203/000092838501502408/0000928385-01-502408-index.html,https://www.sec.gov/Archives/edgar/data/1046203/000092838501502408/d10q.txt
0,2001-06-30,GFED,,,Q2,3320000.0,4220000.0,3320000.0,1.0,0.0,2150000.0,0.0,0.0,6370000.0,0.0,4220000.0,180000.0,5570000.0,0.0,1170000.0,0.0,0.0,1170000.0,0.0,390000.0,780000.0,0.0,0.20103,0.20103,3880000.0,3880000.0,,
0,2001-03-31,GFED,2001-05-15 00:00:00,2001-05-15 00:00:00,Q1,3170000.0,4200000.0,3170000.0,1.0,0.0,2130000.0,0.0,0.0,6330000.0,0.0,4200000.0,159999.99999999997,5410000.0,0.0,1050000.0,0.0,0.0,1050000.0,0.0,350000.0,700000.0,0.0,0.1737,0.1737,4030000.0,4030000.0,https://www.sec.gov/Archives/edgar/data/1046203/000092838501500867/0000928385-01-500867-index.html,https://www.sec.gov/Archives/edgar/data/1046203/000092838501500867/d10q.txt
0,2000-12-31,GFED,2001-02-12 00:00:00,2001-02-12 00:00:00,Q4,3280000.0,4120000.0,3280000.0,1.0,0.0,1890000.0,0.0,0.0,6010000.0,0.0,4120000.0,150000.00000000003,5670000.0,0.0,1400000.0,0.0,0.0,1400000.0,0.0,500000.0,900000.0,0.0,0.21176,0.21176,4250000.0,4250000.0,https://www.sec.gov/Archives/edgar/data/1046203/000092838501000357/0000928385-01-000357-index.html,https://www.sec.gov/Archives/edgar/data/1046203/000092838501000357/0000928385-01-000357-0001.txt
0,2000-09-30,GFED,2000-11-14 00:00:00,2000-11-14 00:00:00,Q3,3130000.0,3850000.0,3130000.0,1.0,0.0,1770000.0,0.0,0.0,5620000.0,0.0,3850000.0,130000.0,5340000.0,0.0,1360000.0,0.0,0.0,1360000.0,0.0,500000.0,860000.0,0.0,0.19027,0.19027,4520000.0,4520000.0,https://www.sec.gov/Archives/edgar/data/1046203/000092838500003100/0000928385-00-003100-index.html,https://www.sec.gov/Archives/edgar/data/1046203/000092838500003100/0000928385-00-003100-0001.txt
0,2000-06-30,GFED,2000-09-26 00:00:00,2000-09-26 00:00:00,Q2,3120000.0,3520000.0,3120000.0,1.0,0.0,1740000.0,0.0,0.0,5260000.0,0.0,3520000.0,159999.99999999997,5060000.0,0.0,1380000.0,0.0,0.0,1380000.0,0.0,470000.0,910000.0,0.0,0.20088,0.20088,4530000.0,4530000.0,https://www.sec.gov/Archives/edgar/data/1046203/000092838500002626/0000928385-00-002626-index.html,https://www.sec.gov/Archives/edgar/data/1046203/000092838500002626/0000928385-00-002626-0001.txt
0,2000-03-31,GFED,2000-05-12 00:00:00,2000-05-12 00:00:00,Q1,3090000.0,3300000.0,3090000.0,1.0,0.0,1700000.0,0.0,0.0,5000000.0,0.0,3300000.0,120000.00000000001,4810000.0,0.0,1390000.0,0.0,0.0,1390000.0,0.0,490000.0,900000.0,0.0,0.18072,0.18072,4980000.0,4980000.0,https://www.sec.gov/Archives/edgar/data/1046203/000094627500000249/0000946275-00-000249-index.html,https://www.sec.gov/Archives/edgar/data/1046203/0000946275-00-000249.txt
0,1999-12-31,GFED,2000-02-10 00:00:00,2000-02-10 00:00:00,Q4,2900000.0,3120000.0,2900000.0,1.0,0.0,1600000.0,0.0,0.0,4720000.0,0.0,3120000.0,110000.0,4540000.0,0.0,1310000.0,0.0,0.0,1310000.0,0.0,470000.0,840000.0,0.0,0.16342,0.16342,5140000.0,5140000.0,https://www.sec.gov/Archives/edgar/data/1046203/000094627500000078/0000946275-00-000078-index.html,https://www.sec.gov/Archives/edgar/data/1046203/0000946275-00-000078.txt
0,1999-09-30,GFED,1999-11-15 00:00:00,1999-11-15 00:00:00,Q3,2950000.0,2990000.0,2950000.0,1.0,0.0,1580000.0,0.0,0.0,4570000.0,0.0,2990000.0,110000.0,4470000.0,0.0,1370000.0,0.0,0.0,1370000.0,0.0,510000.0,860000.0,0.0,0.16319,0.16319,5270000.0,5270000.0,https://www.sec.gov/Archives/edgar/data/1046203/000094627599000618/0000946275-99-000618-index.html,https://www.sec.gov/Archives/edgar/data/1046203/0000946275-99-000618.txt
0,1999-06-30,GFED,1999-09-28 00:00:00,1999-09-28 00:00:00,Q2,2910000.0,2840000.0,2910000.0,1.0,0.0,1580000.0,0.0,0.0,4420000.0,0.0,2840000.0,120000.0,4310000.0,0.0,1350000.0,0.0,0.0,1350000.0,0.0,430000.0,920000.0,0.0,0.17261,0.17261,5330000.0,5330000.0,https://www.sec.gov/Archives/edgar/data/1046203/000094627599000551/0000946275-99-000551-index.html,https://www.sec.gov/Archives/edgar/data/1046203/0000946275-99-000551.txt
0,1999-03-31,GFED,1999-05-17 00:00:00,1999-05-17 00:00:00,Q1,2840000.0,2670000.0,2840000.0,1.0,0.0,1570000.0,0.0,0.0,4240000.0,0.0,2670000.0,120000.0,4080000.0,0.0,1280000.0,0.0,0.0,1280000.0,0.0,460000.0,830000.0,0.0,0.15036,0.15036,5520000.0,5520000.0,https://www.sec.gov/Archives/edgar/data/1046203/000094627599000337/0000946275-99-000337-index.html,https://www.sec.gov/Archives/edgar/data/1046203/0000946275-99-000337.txt
0,1998-12-31,GFED,1999-02-16 00:00:00,1999-02-16 00:00:00,Q4,2790000.0,2690000.0,2790000.0,1.0,0.0,1560000.0,0.0,0.0,4250000.0,0.0,2690000.0,100000.0,4040000.0,0.0,1250000.0,0.0,0.0,1250000.0,0.0,430000.0,820000.0,0.0,0.14539,0.14539,5640000.0,5640000.0,https://www.sec.gov/Archives/edgar/data/1046203/000094627599000105/0000946275-99-000105-index.html,https://www.sec.gov/Archives/edgar/data/1046203/0000946275-99-000105.txt
0,1998-09-30,GFED,1998-11-19 00:00:00,1998-11-19 00:00:00,Q3,2700000.0,2500000.0,2700000.0,1.0,0.0,1460000.0,0.0,0.0,3960000.0,0.0,2500000.0,100000.0,3850000.0,0.0,1250000.0,0.0,0.0,1250000.0,0.0,450000.0,800000.0,0.0,0.13913,0.13913,5750000.0,5750000.0,https://www.sec.gov/Archives/edgar/data/1046203/000094627598000693/0000946275-98-000693-index.html,https://www.sec.gov/Archives/edgar/data/1046203/0000946275-98-000693.txt
0,1998-06-30,GFED,,,Q2,2700000.0,2210000.0,2700000.0,1.0,0.0,1350000.0,0.0,0.0,3560000.0,0.0,2210000.0,139999.99999999997,3700000.0,0.0,1350000.0,0.0,0.0,1350000.0,0.0,470000.0,880000.0,0.0,0.14716,0.14716,5980000.0,5980000.0,,
0,1998-03-31,GFED,1998-05-15 00:00:00,1998-05-15 00:00:00,Q1,2610000.0,2030000.0,2610000.0,1.0,0.0,1280000.0,0.0,0.0,3310000.0,0.0,2030000.0,110000.00000000001,3470000.0,0.0,1330000.0,0.0,0.0,1330000.0,0.0,490000.0,840000.0,0.0,0.1407,0.1407,5970000.0,5970000.0,https://www.sec.gov/Archives/edgar/data/1046203/000094627598000341/0000946275-98-000341-index.html,https://www.sec.gov/Archives/edgar/data/1046203/0000946275-98-000341.txt
0,1997-12-31,GFED,1998-02-10 00:00:00,1998-02-10 00:00:00,Q4,2130000.0,2320000.0,2130000.0,1.0,0.0,1170000.0,0.0,0.0,3490000.0,0.0,2320000.0,110000.0,3400000.0,0.0,960000.0,0.0,0.0,960000.0,0.0,370000.0,600000.0,0.0,0.09646,0.09646,6220000.0,6220000.0,https://www.sec.gov/Archives/edgar/data/1046203/000094627598000048/0000946275-98-000048-index.html,https://www.sec.gov/Archives/edgar/data/1046203/0000946275-98-000048.txt
