,date,symbol,fillingDate,acceptedDate,period,revenue,costOfRevenue,grossProfit,grossProfitRatio,researchAndDevelopmentExpenses,generalAndAdministrativeExpenses,sellingAndMarketingExpenses,otherExpenses,operatingExpenses,costAndExpenses,interestExpense,depreciationAndAmortization,ebitda,ebitdaratio,operatingIncome,operatingIncomeRatio,totalOtherIncomeExpensesNet,incomeBeforeTax,incomeBeforeTaxRatio,incomeTaxExpense,netIncome,netIncomeRatio,eps,epsdiluted,weightedAverageShsOut,weightedAverageShsOutDil,link,finalLink
0,2020-06-30,QFIN,2020-08-10 00:00:00,2020-08-10 06:44:56,Q2,2799137000,0.0,0.0,0.0,0.0,378542000,269054000,29569000,0.0,0.0,161062000,0.0,0.0,0.0,0.0,0.3725166006522725,0.0,1042725000,0.3725166006522725,166260000,876514000,0.31313722765266583,5.92,5.76,147868806,152291618,https://www.sec.gov/Archives/edgar/data/1741530/000110465920092354/0001104659-20-092354-index.htm,https://www.sec.gov/Archives/edgar/data/1741530/000110465920092354/a20-27094_16k.htm
0,2020-03-31,QFIN,2020-04-30 00:00:00,2020-04-30 16:05:57,Q1,2657806000,0.0,0.0,0.0,0.0,331739000,223008000,62721000,0.0,0.0,158614000,0.0,0.0,0.0,0.0,0.08581213226247514,0.0,228072000,0.08581213226247514,44917000,183408000,0.06900729398609229,1.24,1.22,146796105,150813074,https://www.sec.gov/Archives/edgar/data/1741530/000110465920054414/0001104659-20-054414-index.html,https://www.sec.gov/Archives/edgar/data/1741530/000110465920054414/qfin-20191231x20f.htm
0,2019-12-31,QFIN,2020-03-30 00:00:00,2020-03-30 06:05:01,Q4,1172599000,0.0,0.0,0.0,0.0,488995000,418715000,45973000,0.0,0.0,359228000,0.0,0.0,0.0,0.0,0.2870580650333149,0.0,336604000,0.2870580650333149,-93094000,429916000,0.3666351412545977,2.94,2.86,145955952,149845979,https://www.sec.gov/Archives/edgar/data/1741530/000110465920039808/0001104659-20-039808-index.html,https://www.sec.gov/Archives/edgar/data/1741530/000110465920039808/a20-14027_16k.htm
0,2019-09-30,QFIN,2019-11-27 00:00:00,2019-11-27 16:15:41,Q3,2118389000,0.0,0.0,0.0,0.0,1016585000,902869000,70409000,0.0,0.0,25546000,0.0,0.0,0.0,0.0,0.43544410398656713,0.0,922440000,0.43544410398656713,188952000,733561000,0.34628248164052966,5.1,4.9,144027412,149553864,https://www.sec.gov/Archives/edgar/data/1741530/000110465919068196/0001104659-19-068196-index.html,https://www.sec.gov/Archives/edgar/data/1741530/000110465919068196/a19-24025_16k.htm
0,2019-06-30,QFIN,,,Q2,1882589000,0.0,0.0,0.0,0.0,981312000,838619000,1854000.0,0.0,0.0,5109000.0,0.0,0.0,0.0,0.0,0.42022342635593857,0.0,791108000,0.42022342635593857,172929000,618179000,0.3283664145493254,4.3,4.08,143826354,151738703,,
0,2019-03-31,QFIN,2019-04-26 00:00:00,2019-04-26 10:43:57,Q1,1816587000,0.0,0.0,0.0,0.0,792816000,691316000,22042000,0.0,0.0,0.0,0.0,0.0,0.0,0.0,0.5048670941716527,0.0,917135000,0.5048670941716527,197196000,719939000,0.3963140768925463,5.0,4.8,143826354,150021158,https://www.sec.gov/Archives/edgar/data/1741530/000110465919023900/0001104659-19-023900-index.html,https://www.sec.gov/Archives/edgar/data/1741530/000110465919023900/a19-6745_120f.htm
0,2018-12-31,QFIN,2019-01-15 00:00:00,2019-01-15 06:03:13,Q4,2840081000,0.0,0.0,0.0,0.0,586590000,477283000,0.0,0.0,0.0,0.0,0.0,0.0,0.0,0.0,0.7420939754887272,0.0,2107607000,0.7420939754887272,444960000,1662647000,0.585422387600917,4.2,3.96,107909996,114081759,https://www.sec.gov/Archives/edgar/data/1741530/000110465919001913/0001104659-19-001913-index.html,https://www.sec.gov/Archives/edgar/data/1741530/000110465919001913/a19-2836_16k.htm
0,2018-09-30,QFIN,,,Q3,1127592000,0.0,0.0,0.0,0.0,303165000,241434000,6019000.0,0.0,0.0,0.0,0.0,0.0,0.0,0.0,0.6945340158497045,0.0,783151000,0.6945340158497045,205707000,577444000,0.5121036687028642,-17.523138,-17.523138,143826353,143826353,,
