,date,symbol,fillingDate,acceptedDate,period,revenue,costOfRevenue,grossProfit,grossProfitRatio,researchAndDevelopmentExpenses,generalAndAdministrativeExpenses,sellingAndMarketingExpenses,otherExpenses,operatingExpenses,costAndExpenses,interestExpense,depreciationAndAmortization,ebitda,ebitdaratio,operatingIncome,operatingIncomeRatio,totalOtherIncomeExpensesNet,incomeBeforeTax,incomeBeforeTaxRatio,incomeTaxExpense,netIncome,netIncomeRatio,eps,epsdiluted,weightedAverageShsOut,weightedAverageShsOutDil,link,finalLink
0,2018-09-30,GBNK,2018-10-31 00:00:00,2018-10-31 16:18:07,Q3,32790000,0.0,32790000,1.0,0.0,12617000,0.0,0.0,13541000,13541000,5325000.0,1306000.0,20552000,0.626776456237,19246000,0.586947240012,0.0,19246000,0.586947240012,4302000.0,14944000,0.455748703873,0.51382,0.51382,28851952,29083965,https://www.sec.gov/Archives/edgar/data/1324410/000132441018000045/0001324410-18-000045-index.html,https://www.sec.gov/Archives/edgar/data/1324410/000132441018000045/gbnk-20180930x10q.htm
0,2018-06-30,GBNK,2018-07-31 00:00:00,2018-07-31 16:07:02,Q2,32878000,0.0,32878000,1.0,0.0,12871000,0.0,0.0,13823000,13823000,4885000.0,1125000.0,18157000,0.552253786727,17032000,0.518036376909,0.0,17032000,0.518036376909,3769000.0,13263000,0.403400450149,0.45629,0.45629,28843295,29067349,https://www.sec.gov/Archives/edgar/data/1324410/000132441018000032/0001324410-18-000032-index.html,https://www.sec.gov/Archives/edgar/data/1324410/000132441018000032/gbnk-20180630x10q.htm
0,2018-03-31,GBNK,2018-04-30 00:00:00,2018-04-30 16:30:23,Q1,32093000,0.0,32093000,1.0,0.0,12903000,0.0,0.0,13815000,13815000,4243000.0,1734000.0,18663000,0.581528682267,16929000,0.527498208332,0.0,16929000,0.527498208332,3372000.0,13557000,0.422428566977,0.46689,0.46689,28822829,29036820,https://www.sec.gov/Archives/edgar/data/1324410/000132441018000025/0001324410-18-000025-index.html,https://www.sec.gov/Archives/edgar/data/1324410/000132441018000025/gbnk-20180331x10q.htm
0,2017-12-31,GBNK,2018-02-28 00:00:00,2018-02-28 17:26:27,Q4,31794000,0.0,31794000,1.0,0.0,11853000,0.0,0.0,9884000.0,9884000.0,3546000.0,977000.0,15101000,0.474963829653,14124000,0.444234761276,0.0,14124000,0.444234761276,5519000.0,8605000.0,0.270648550041,0.30359,0.30359,28056588,28343687,https://www.sec.gov/Archives/edgar/data/1324410/000132441018000015/0001324410-18-000015-index.html,https://www.sec.gov/Archives/edgar/data/1324410/000132441018000015/gbnk-20171231x10k.htm
0,2017-09-30,GBNK,2017-10-31 00:00:00,2017-10-31 14:03:27,Q3,31334000,0.0,31334000,1.0,0.0,11736000,0.0,0.0,12408000,12408000,3354000.0,1469000.0,16629000,0.530701474437,15160000,0.483819493202,0.0,15160000,0.483819493202,5106000.0,10054000,0.3208655135,0.35728,0.35728,27900627,28140332,https://www.sec.gov/Archives/edgar/data/1324410/000132441017000057/0001324410-17-000057-index.html,https://www.sec.gov/Archives/edgar/data/1324410/000132441017000057/gbnk-20170930x10q.htm
0,2017-06-30,GBNK,2017-07-28 00:00:00,2017-07-28 14:18:38,Q2,29499000,0.0,29499000,1.0,0.0,11247000,0.0,0.0,11895000,11895000,3434000.0,858000.0,15990000,0.542052272958,15132000,0.512966541239,0.0,15132000,0.512966541239,5007000.0,10125000,0.343231973965,0.36005,0.36005,27890446,28120746,https://www.sec.gov/Archives/edgar/data/1324410/000132441017000043/0001324410-17-000043-index.html,https://www.sec.gov/Archives/edgar/data/1324410/000132441017000043/gbnk-20170630x10q.htm
0,2017-03-31,GBNK,2017-04-28 00:00:00,2017-04-28 14:27:50,Q1,28172000,0.0,28172000,1.0,0.0,11926000,0.0,0.0,12575000,12575000,3169000.0,1459000.0,15499000,0.550156183445,14040000,0.49836717308,0.0,14040000,0.49836717308,4200000.0,9840000.0,0.349282976005,0.3503,0.3503,27867558,28090179,https://www.sec.gov/Archives/edgar/data/1324410/000132441017000028/0001324410-17-000028-index.html,https://www.sec.gov/Archives/edgar/data/1324410/000132441017000028/gbnk-20170331x10q.htm
0,2016-12-31,GBNK,2017-02-28 00:00:00,2017-02-28 14:52:24,Q4,27822000,0.0,27822000,1.0,0.0,12654000,0.0,0.0,11786000,11786000,2978000.0,1810000.0,12537000,0.450614621523,10727000,0.385558191359,0.0,10727000,0.385558191359,2981000.0,7746000.0,0.278412766875,0.32878,0.32878,23267108,23559947,https://www.sec.gov/Archives/edgar/data/1324410/000132441017000016/0001324410-17-000016-index.html,https://www.sec.gov/Archives/edgar/data/1324410/000132441017000016/gbnk-20161231x10k.htm
0,2016-09-30,GBNK,2016-11-09 00:00:00,2016-11-09 15:38:44,Q3,22750000,0.0,22750000,1.0,0.0,10984000,0.0,0.0,11373000,11373000,2592000.0,883000.0,9687000.0,0.425802197802,8804000.0,0.386989010989,0.0,8804000.0,0.386989010989,3043000.0,5761000.0,0.253230769231,0.26228,0.26228,21750153,21965047,https://www.sec.gov/Archives/edgar/data/1324410/000132441016000109/0001324410-16-000109-index.html,https://www.sec.gov/Archives/edgar/data/1324410/000132441016000109/gbnk-20160930x10q.htm
0,2016-06-30,GBNK,2016-08-04 00:00:00,2016-08-04 17:19:33,Q2,19821000,0.0,19821000,1.0,0.0,8520000.0,0.0,0.0,8759000.0,8759000.0,2030000.0,1481000.0,10300000,0.519650875334,8819000.0,0.444932142677,0.0,8819000.0,0.444932142677,3134000.0,5685000.0,0.28681701226,0.26551,0.26551,21213706,21411626,https://www.sec.gov/Archives/edgar/data/1324410/000132441016000094/0001324410-16-000094-index.html,https://www.sec.gov/Archives/edgar/data/1324410/000132441016000094/gbnk-20160630x10q.htm
0,2016-03-31,GBNK,2016-04-29 00:00:00,2016-04-29 17:19:04,Q1,19995000,0.0,19995000,1.0,0.0,8788000.0,0.0,0.0,9028000.0,9028000.0,1865000.0,968000.0,9333000.0,0.466766691673,8365000.0,0.418354588647,0.0,8365000.0,0.418354588647,2830000.0,5535000.0,0.276819204801,0.25894,0.25894,21184892,21375330,https://www.sec.gov/Archives/edgar/data/1324410/000132441016000081/0001324410-16-000081-index.html,https://www.sec.gov/Archives/edgar/data/1324410/000132441016000081/gbnk-20160331x10q.htm
0,2015-12-31,GBNK,2016-02-17 00:00:00,2016-02-17 17:12:09,Q4,19856000,0.0,19856000,1.0,0.0,8643000.0,0.0,0.0,7157000.0,7157000.0,1598000.0,1780000.0,10659000,0.536815068493,8879000.0,0.447169621273,0.0,8879000.0,0.447169621273,2988000.0,5891000.0,0.29668614021,0.27693,0.27693,21065590,21272336,https://www.sec.gov/Archives/edgar/data/1324410/000132441016000071/0001324410-16-000071-index.html,https://www.sec.gov/Archives/edgar/data/1324410/000132441016000071/gbnk-20151231x10k.htm
0,2015-09-30,GBNK,2015-10-28 00:00:00,2015-10-28 16:26:56,Q3,19406000,0.0,19406000,1.0,0.0,8318000.0,0.0,0.0,8813000.0,8813000.0,1457000.0,1177000.0,10102000,0.520560651345,8925000.0,0.4599093064,0.0,8925000.0,0.4599093064,2923000.0,6002000.0,0.309285787901,0.28291,0.28291,21061445,21215435,https://www.sec.gov/Archives/edgar/data/1324410/000132441015000056/0001324410-15-000056-index.html,https://www.sec.gov/Archives/edgar/data/1324410/000132441015000056/gbnk-20150930x10q.htm
0,2015-06-30,GBNK,2015-07-30 00:00:00,2015-07-30 16:06:41,Q2,18940000,0.0,18940000,1.0,0.0,7999000.0,0.0,0.0,8495000.0,8495000.0,1219000.0,1157000.0,9432000.0,0.497993664203,8275000.0,0.436906019007,0.0,8275000.0,0.436906019007,2798000.0,5477000.0,0.289176346357,0.25846,0.25846,21053853,21191277,https://www.sec.gov/Archives/edgar/data/1324410/000132441015000049/0001324410-15-000049-index.html,https://www.sec.gov/Archives/edgar/data/1324410/000132441015000049/gbnk-20150630x10q.htm
0,2015-03-31,GBNK,2015-04-30 00:00:00,2015-04-30 16:29:59,Q1,18777000,0.0,18777000,1.0,0.0,8604000.0,0.0,0.0,9099000.0,9099000.0,1077000.0,1144000.0,8789000.0,0.468072642062,7645000.0,0.407147041593,0.0,7645000.0,0.407147041593,2561000.0,5084000.0,0.270756776908,0.2402,0.2402,21037325,21165433,https://www.sec.gov/Archives/edgar/data/1324410/000132441015000031/0001324410-15-000031-index.html,https://www.sec.gov/Archives/edgar/data/1324410/000132441015000031/gbnk-20150331x10q.htm
0,2014-12-31,GBNK,2015-02-18,2015-02-18 17:03:51,Q4,17680000,0.0,17680000,1.0,0.0,8480000.0,0.0,0.0,6628000.0,6628000.0,1704000.0,1276000.0,2785000.0,0.157522624434,1509000.0,0.085350678733,0.0,1509000.0,0.085350678733,294000.0,1215000.0,0.068721719457,0.05762,0.05762,20957702,21086543,https://www.sec.gov/Archives/edgar/data/1324410/000132441015000015/0001324410-15-000015-index.htm,https://www.sec.gov/Archives/edgar/data/1324410/000132441015000015/gbnk-20141231x10k.htm
0,2014-09-30,GBNK,2014-10-31 00:00:00,2014-10-31 16:34:17,Q3,17809000,0.0,17809000,1.0,0.0,8112000.0,0.0,0.0,8782000.0,8782000.0,1720000.0,1324000.0,8315000.0,0.466898759054,6991000.0,0.392554326464,0.0,6991000.0,0.392554326464,2320000.0,4671000.0,0.262283115279,0.22168,0.22168,20954046,21070895,https://www.sec.gov/Archives/edgar/data/1324410/000132441014000033/0001324410-14-000033-index.html,https://www.sec.gov/Archives/edgar/data/1324410/000132441014000033/gbnk-20140930x10q.htm
0,2014-06-30,GBNK,2014-07-31 00:00:00,2014-07-31 16:35:22,Q2,17065000,0.0,17065000,1.0,0.0,8096000.0,0.0,0.0,8687000.0,8687000.0,1661000.0,1297000.0,7260000.0,0.42543217111,5963000.0,0.349428655142,0.0,5963000.0,0.349428655142,1879000.0,4084000.0,0.239320246118,0.19397,0.19397,20947880,21054280,https://www.sec.gov/Archives/edgar/data/1324410/000132441014000027/0001324410-14-000027-index.html,https://www.sec.gov/Archives/edgar/data/1324410/000132441014000027/gbnk-20140630x10q.htm
0,2014-03-31,GBNK,2014-04-30 00:00:00,2014-04-30 15:51:37,Q1,16259000,0.0,16259000,1.0,0.0,8078000.0,0.0,0.0,8669000.0,8669000.0,1622000.0,1172000.0,6457000.0,0.397133895073,5285000.0,0.325050741128,0.0,5285000.0,0.325050741128,1743000.0,3542000.0,0.217848576173,0.16844,0.16844,20936295,21028722,https://www.sec.gov/Archives/edgar/data/1324410/000132441014000013/0001324410-14-000013-index.html,https://www.sec.gov/Archives/edgar/data/1324410/000132441014000013/gbnk-20140331x10q.htm
0,2013-12-31,GBNK,2014-02-19,2014-02-19 16:27:58,Q4,16391000,0.0,16391000,1.0,0.0,7685000.0,0.0,0.0,5569000.0,5569000.0,1679000.0,1227000.0,7257000.0,0.442742968702,6030000.0,0.367884814837,0.0,6030000.0,0.367884814837,1942000.0,4088000.0,0.249405161369,0.19512,0.19512,20867064,20951237,https://www.sec.gov/Archives/edgar/data/1324410/000110465914011442/0001104659-14-011442-index.htm,https://www.sec.gov/Archives/edgar/data/1324410/000110465914011442/a14-2921_110k.htm
0,2013-09-30,GBNK,2013-10-30 00:00:00,2013-10-30 16:16:52,Q3,16062000,0.0,16062000,1.0,0.0,7242000.0,0.0,0.0,7945000.0,7945000.0,1727000.0,1227000.0,6875000.0,0.428028888059,5648000.0,0.351637405055,-9830000.0,5648000.0,0.351637405055,1797000.0,3851000.0,0.23975843606,0.18378,0.18378,20861175,20954687,https://www.sec.gov/Archives/edgar/data/1324410/000110465913079242/0001104659-13-079242-index.html,https://www.sec.gov/Archives/edgar/data/1324410/000110465913079242/a13-19691_110q.htm
0,2013-06-30,GBNK,2013-07-31 00:00:00,2013-07-31 16:16:28,Q2,15739000,0.0,15739000,1.0,0.0,7213000.0,0.0,0.0,7919000.0,7919000.0,1710000.0,1229000.0,6800000.0,0.432047779401,5571000.0,0.353961496918,-9075000.0,5571000.0,0.353961496918,1753000.0,3818000.0,0.242582120846,0.18238,0.18238,20854858,20934521,https://www.sec.gov/Archives/edgar/data/1324410/000110465913058370/0001104659-13-058370-index.html,https://www.sec.gov/Archives/edgar/data/1324410/000110465913058370/a13-13835_110q.htm
0,2013-03-31,GBNK,2013-04-30 00:00:00,2013-04-30 15:51:34,Q1,15378000,0.0,15378000,1.0,0.0,7441000.0,0.0,0.0,8148000.0,8148000.0,1952000.0,1232000.0,4368000.0,0.284042138119,3136000.0,0.203927688906,-1204000.0,3136000.0,0.203927688906,864000.0,2272000.0,0.147743529718,0.02172,0.02172,104221919000,104588467,https://www.sec.gov/Archives/edgar/data/1324410/000110465913035177/0001104659-13-035177-index.html,https://www.sec.gov/Archives/edgar/data/1324410/000110465913035177/a13-8523_110q.htm
0,2012-12-31,GBNK,2013-02-14 00:00:00,2013-02-14 17:25:53,Q4,15217000,0.0,15217000,1.0,0.0,6832000.0,0.0,0.0,4506000.0,4506000.0,2159000.0,1368000.0,5929000.0,0.389630019058,4561000.0,0.2997305645,1482000.0,4561000.0,0.2997305645,1441000.0,3120000.0,0.205033843727,0.14944,0.14944,20786802,20878251,https://www.sec.gov/Archives/edgar/data/1324410/000110465913010944/0001104659-13-010944-index.html,https://www.sec.gov/Archives/edgar/data/1324410/000110465913010944/a13-1127_110k.htm
0,2012-09-30,GBNK,2012-10-29 00:00:00,2012-10-29 16:16:47,Q3,14511000,0.0,14511000,1.0,0.0,6466000.0,0.0,0.0,7269000.0,7269000.0,2280000.0,1400000.0,5532000.0,0.381228033905,4132000.0,0.284749500379,1594000.0,4132000.0,0.284749500379,-4612000.0,2830000.0,0.1950244642,0.02711,0.02711,103915744,104384657,https://www.sec.gov/Archives/edgar/data/1324410/000110465912071945/0001104659-12-071945-index.html,https://www.sec.gov/Archives/edgar/data/1324410/000110465912071945/a12-20027_110q.htm
0,2012-06-30,GBNK,2012-07-31 00:00:00,2012-07-31 16:01:02,Q2,15383000,0.0,15383000,1.0,0.0,6614000.0,0.0,0.0,7375000.0,7375000.0,2323000.0,1560000.0,1838000.0,0.119482545667,278000.0,0.0180718975492,-546000.0,278000.0,0.0180718975492,5914000.0,6192000.0,0.402522264838,0.05937,0.05937,103903566,104286318,https://www.sec.gov/Archives/edgar/data/1324410/000110465912052712/0001104659-12-052712-index.html,https://www.sec.gov/Archives/edgar/data/1324410/000110465912052712/a12-13886_110q.htm
0,2012-03-31,GBNK,2012-04-26,Not found...,Q1,15300000,0.0,15300000,1.0,0.0,6857000.0,0.0,0.0,7619000.0,7619000.0,2392000.0,1581000.0,4498000.0,0.293986928105,2917000.0,0.190653594771,196000.0,2917000.0,0.190653594771,0.0,2917000.0,0.190653594771,0.02802,0.02802,103892827,104097706,https://www.sec.gov/Archives/edgar/data/1324410/000110465912029064/0001104659-12-029064-index.htm,https://www.sec.gov/Archives/edgar/data/1324410/000110465912029064/a12-8725_110q.htm
0,2011-12-31,GBNK,2012-02-10 00:00:00,2012-02-10 17:15:45,Q4,15325000,0.0,15325000,1.0,0.0,6716000.0,0.0,0.0,7733000.0,7733000.0,2479000.0,1828000.0,4104000.0,0.26779771615,2276000.0,0.148515497553,0.0,2276000.0,0.148515497553,0.0,2276000.0,0.148515497553,0.03505,0.03505,64941731,64941731,https://www.sec.gov/Archives/edgar/data/1324410/000104746912000847/0001047469-12-000847-index.html,https://www.sec.gov/Archives/edgar/data/1324410/000104746912000847/a2207229z10-k.htm
0,2011-09-30,GBNK,2011-10-27 00:00:00,2011-10-27 12:54:12,Q3,15112000,0.0,15112000,1.0,0.0,6408000.0,0.0,0.0,7426000.0,7426000.0,3391000.0,1752000.0,3905000.0,0.258403917417,2153000.0,0.142469560614,0.0,2153000.0,0.142469560614,0.0,5157000.0,0.341251985177,0.09953,0.09953,51815618,51815618,https://www.sec.gov/Archives/edgar/data/1324410/000110465911058354/0001104659-11-058354-index.html,https://www.sec.gov/Archives/edgar/data/1324410/000110465911058354/a11-25787_110q.htm
0,2011-06-30,GBNK,2011-07-29 00:00:00,2011-07-29 16:12:40,Q2,-282911000,0.0,282911000,-1.0,0.0,4435000.0,0.0,-70856000,4435000.0,4435000.0,5940000.0,2323000.0,4246000.0,0.402027492745,1923000.0,0.410238555588,9326000.0,1923000.0,0.377274125078,-26741000,1923000.0,0.293371413625,0.03712,0.03712,51809240,51809240,https://www.sec.gov/Archives/edgar/data/1324410/000110465911041855/0001104659-11-041855-index.html,https://www.sec.gov/Archives/edgar/data/1324410/000110465911041855/a11-14020_110q.htm
0,2011-03-31,GBNK,2011-04-22 00:00:00,2011-04-22 15:51:25,Q1,0.0,0.0,0.0,0.0,0.0,2160000.0,0.0,0.0,2160000.0,2160000.0,-4633000.0,1779000.0,2293000.0,0.0,514000.0,0.0,0.0,514000.0,0.0,0.0,514000.0,0.0,0.00993,0.00993,51775475,51775475,https://www.sec.gov/Archives/edgar/data/1324410/000110465911021939/0001104659-11-021939-index.html,https://www.sec.gov/Archives/edgar/data/1324410/000110465911021939/a11-9413_110q.htm
0,2010-12-31,GBNK,2011-02-18,2011-02-18 16:30:37,Q4,313000.0,0.0,313000.0,1.0,0.0,2611000.0,0.0,0.0,2611000.0,2611000.0,-5247000.0,2063000.0,-19070000,-60.926517571884986,-21133000,-67.51757188498402,0.0,-21133000,-67.51757188498402,6290000.0,-21133000,-67.51757188498402,-0.40899,-0.40899,51671281,51671281,https://www.sec.gov/Archives/edgar/data/1324410/000104746911001063/0001047469-11-001063-index.htm,https://www.sec.gov/Archives/edgar/data/1324410/000104746911001063/a2202085z10-k.htm
0,2010-09-30,GBNK,2010-11-02 00:00:00,2010-11-02 15:15:53,Q3,0.0,0.0,0.0,0.0,0.0,6151000.0,0.0,0.0,6151000.0,6151000.0,-18335000,2067000.0,-14429000,0.0,-16496000,0.0,0.0,-16496000,0.0,-6290000.0,-10206000,0.0,-0.19758,-0.19758,51655592,51655592,https://www.sec.gov/Archives/edgar/data/1324410/000110465910055236/0001104659-10-055236-index.html,https://www.sec.gov/Archives/edgar/data/1324410/000110465910055236/a10-17480_110q.htm
0,2010-06-30,GBNK,2010-08-04 00:00:00,2010-08-04 14:38:43,Q2,0.0,0.0,0.0,0.0,0.0,4124000.0,0.0,0.0,4124000.0,4124000.0,-12609000,2116000.0,-7917000.0,0.0,-10033000,0.0,0.0,-10033000,0.0,0.0,-6199000.0,0.0,-0.12006,-0.12006,51633972,51633972,https://www.sec.gov/Archives/edgar/data/1324410/000110465910041820/0001104659-10-041820-index.html,https://www.sec.gov/Archives/edgar/data/1324410/000110465910041820/a10-12836_110q.htm
0,2010-03-31,GBNK,2010-04-28 00:00:00,2010-04-28 16:28:16,Q1,0.0,0.0,0.0,0.0,0.0,1959000.0,0.0,0.0,1959000.0,1959000.0,-6689000.0,2144000.0,-928000.0,0.0,-3072000.0,0.0,0.0,-3072000.0,0.0,-1227000.0,-1845000.0,0.0,-0.03575,-0.03575,51607044,51607044,https://www.sec.gov/Archives/edgar/data/1324410/000110465910022552/0001104659-10-022552-index.html,https://www.sec.gov/Archives/edgar/data/1324410/000110465910022552/a10-6011_110q.htm
0,2009-12-31,GBNK,2010-02-12 00:00:00,2010-02-12 13:52:01,Q4,0.0,0.0,0.0,0.0,0.0,0.0,0.0,0.0,0.0,0.0,-34382000,2465000.0,-26742000,0.0,-29207000,0.0,0.0,-48368000,0.0,-19161000,-29207000,0.0,-0.56847,-0.56847,51378360,51378360,https://www.sec.gov/Archives/edgar/data/1324410/000104746910000808/0001047469-10-000808-index.html,https://www.sec.gov/Archives/edgar/data/1324410/000104746910000808/a2196438z10-k.htm
0,2009-09-30,GBNK,2009-10-30 00:00:00,2009-10-30 13:30:47,Q3,0.0,0.0,0.0,0.0,0.0,16759000,0.0,0.0,16759000,16759000,-26615000,2451000.0,-34782000,0.0,-37233000,0.0,0.0,-37233000,0.0,0.0,-27322000,0.0,-0.5321,-0.5321,51347916,51347916,https://www.sec.gov/Archives/edgar/data/1324410/000110465909061447/0001104659-09-061447-index.html,https://www.sec.gov/Archives/edgar/data/1324410/000110465909061447/a09-31072_110q.htm
0,2009-06-30,GBNK,2009-07-31 00:00:00,2009-07-31 16:15:31,Q2,0.0,0.0,0.0,0.0,0.0,10456000,0.0,0.0,10456000,10456000,-18057000,2472000.0,-14713000,0.0,-17185000,0.0,0.0,-17185000,0.0,-6764000.0,-10421000,0.0,-0.20309,-0.20309,51312847,51312847,https://www.sec.gov/Archives/edgar/data/1324410/000110465909046326/0001104659-09-046326-index.html,https://www.sec.gov/Archives/edgar/data/1324410/000110465909046326/a09-18733_110q.htm
0,2009-03-31,GBNK,2009-04-30 00:00:00,2009-04-30 15:56:54,Q1,0.0,0.0,0.0,0.0,0.0,4108000.0,0.0,0.0,4108000.0,4108000.0,-9142000.0,2465000.0,3112000.0,0.0,647000.0,0.0,0.0,647000.0,0.0,211000.0,436000.0,0.0,0.0085,0.0085,51277748,51277748,https://www.sec.gov/Archives/edgar/data/1324410/000110465909027690/0001104659-09-027690-index.html,https://www.sec.gov/Archives/edgar/data/1324410/000110465909027690/a09-11379_110q.htm
0,2008-12-31,GBNK,2009-02-13 00:00:00,2009-02-12 17:45:26,Q4,0.0,0.0,0.0,0.0,0.0,17284000,0.0,0.0,17284000,17284000,-41750000,-8867000.0,-265603000,0.0,-256736000,0.0,0.0,-263249000,0.0,-6513000.0,-256736000,0.0,-5.02966,-5.02966,51044372,51044372,https://www.sec.gov/Archives/edgar/data/1324410/000104746909001120/0001047469-09-001120-index.html,https://www.sec.gov/Archives/edgar/data/1324410/000104746909001120/a2190527z10-k.htm
0,2008-09-30,GBNK,2008-11-07 00:00:00,2008-11-07 17:22:21,Q3,0.0,0.0,0.0,0.0,0.0,12902000,0.0,0.0,12902000,12902000,-31455000,2890000.0,-263687000,0.0,-266577000,0.0,0.0,-266577000,0.0,-6018000.0,-260559000,0.0,-5.11,-5.11,50990019,50990019,https://www.sec.gov/Archives/edgar/data/1324410/000110465908069289/0001104659-08-069289-index.html,https://www.sec.gov/Archives/edgar/data/1324410/000110465908069289/a08-25718_110q.htm
0,2008-06-30,GBNK,2008-08-08 00:00:00,2008-08-07 17:52:08,Q2,0.0,0.0,0.0,0.0,0.0,8920000.0,0.0,0.0,8920000.0,8920000.0,-21578000,3150000.0,10656000,0.0,7506000.0,0.0,0.0,7506000.0,0.0,2236000.0,5270000.0,0.0,0.10334,0.10334,50996350,50996350,https://www.sec.gov/Archives/edgar/data/1324410/000110465908050954/0001104659-08-050954-index.html,https://www.sec.gov/Archives/edgar/data/1324410/000110465908050954/a08-19052_110q.htm
0,2008-03-31,GBNK,2008-05-07 00:00:00,2008-05-07 13:26:56,Q1,0.0,0.0,0.0,0.0,0.0,3798000.0,0.0,0.0,3798000.0,3798000.0,-11753000,2904000.0,7484000.0,0.0,4580000.0,0.0,0.0,4580000.0,0.0,1335000.0,3245000.0,0.0,0.06364,0.06364,50988229,50988229,https://www.sec.gov/Archives/edgar/data/1324410/000110465908030644/0001104659-08-030644-index.html,https://www.sec.gov/Archives/edgar/data/1324410/000110465908030644/a08-11739_110q.htm
0,2007-12-31,GBNK,2008-03-03,2008-03-03 16:08:24,Q4,0.0,0.0,0.0,0.0,0.0,0.0,0.0,0.0,0.0,0.0,-61440000,-9667000.0,-147759000,0.0,-138092000,0.0,0.0,-138227000,0.0,-185000.0,-138092000,0.0,-2.60015,-2.60015,53109307,53109307,https://www.sec.gov/Archives/edgar/data/1324410/000104746908002143/0001047469-08-002143-index.htm,https://www.sec.gov/Archives/edgar/data/1324410/000104746908002143/a2183180z10-k.htm
0,2007-09-30,GBNK,2007-11-09 00:00:00,2007-11-08 17:41:27,Q3,0.0,0.0,0.0,0.0,0.0,19548000,0.0,0.0,19548000,19548000,-47081000,3040000.0,3158000.0,0.0,118000.0,0.0,0.0,-2320000.0,0.0,-2438000.0,118000.0,0.0,0.0022,0.0022,53631569,53631569,https://www.sec.gov/Archives/edgar/data/1324410/000110465907081312/0001104659-07-081312-index.html,https://www.sec.gov/Archives/edgar/data/1324410/000110465907081312/a07-28130_110q.htm
0,2007-06-30,GBNK,2007-08-08 00:00:00,2007-08-08 15:34:40,Q2,0.0,0.0,0.0,0.0,0.0,15568000,0.0,0.0,15568000,15568000,-31233000,3281000.0,1896000.0,0.0,-1385000.0,0.0,0.0,-3945000.0,0.0,-2560000.0,-1385000.0,0.0,-0.0256,-0.0256,54105373,54105373,https://www.sec.gov/Archives/edgar/data/1324410/000119312507175464/0001193125-07-175464-index.html,https://www.sec.gov/Archives/edgar/data/1324410/000119312507175464/d10q.htm
0,2007-03-31,GBNK,2007-05-09 00:00:00,2007-05-08 20:29:37,Q1,0.0,0.0,0.0,0.0,0.0,3991000.0,0.0,0.0,3991000.0,3991000.0,-15517000,3423000.0,8832000.0,0.0,5409000.0,0.0,0.0,7879000.0,0.0,2470000.0,5409000.0,0.0,0.09872,0.09872,54792527,54792527,https://www.sec.gov/Archives/edgar/data/1324410/000119312507106539/0001193125-07-106539-index.html,https://www.sec.gov/Archives/edgar/data/1324410/000119312507106539/d10q.htm
0,2006-12-31,GBNK,2007-03-26,2007-03-26 17:21:55,Q4,0.0,0.0,0.0,0.0,0.0,18206000,0.0,0.0,18206000,18206000,-57584000,4250000.0,26680000,0.0,22430000,0.0,0.0,33716000,0.0,11286000,24418000,0.0,0.39,0.39,62610256,62610256,https://www.sec.gov/Archives/edgar/data/1324410/000119312507064355/0001193125-07-064355-index.htm,https://www.sec.gov/Archives/edgar/data/1324410/000119312507064355/d10k.htm
0,2006-09-30,GBNK,2006-11-13,2006-11-13 06:27:47,Q3,0.0,0.0,0.0,0.0,0.0,13823000,0.0,0.0,13823000,13823000,-41610000,4361000.0,22467000,0.0,18106000,0.0,0.0,27229000,0.0,9123000.0,18975000,0.0,0.32681,0.32681,58060683,58060683,https://www.sec.gov/Archives/edgar/data/1324410/000119312506231416/0001193125-06-231416-index.htm,https://www.sec.gov/Archives/edgar/data/1324410/000119312506231416/d10q.htm
0,2006-06-30,GBNK,2006-08-14,2006-08-14 15:59:44,Q2,0.0,0.0,0.0,0.0,0.0,9161000.0,0.0,0.0,9161000.0,9161000.0,-26381000,4549000.0,17215000,0.0,12666000,0.0,0.0,19268000,0.0,6602000.0,13155000,0.0,0.22467,0.22467,58552516,58552516,https://www.sec.gov/Archives/edgar/data/1324410/000119312506172600/0001193125-06-172600-index.htm,https://www.sec.gov/Archives/edgar/data/1324410/000119312506172600/d10q.htm
0,2006-03-31,GBNK,2006-05-15,2006-05-15 16:38:40,Q1,0.0,0.0,0.0,0.0,0.0,4002000.0,0.0,0.0,4002000.0,4002000.0,-12803000,4460000.0,11749000,0.0,7289000.0,0.0,0.0,11279000,0.0,3990000.0,7429000.0,0.0,0.12579,0.12579,59057264,59057264,https://www.sec.gov/Archives/edgar/data/1324410/000119312506112807/0001193125-06-112807-index.htm,https://www.sec.gov/Archives/edgar/data/1324410/000119312506112807/d10q.htm
0,2005-12-31,GBNK,2006-03-31,2006-03-30 20:26:13,Q4,0.0,0.0,0.0,0.0,0.0,17262000,0.0,0.0,17262000,17262000,-31695000,-3692000.0,11427000,0.0,15119000,0.0,0.0,22737000,0.0,7618000.0,14682000,0.0,0.28,0.28,52435714,52435714,https://www.sec.gov/Archives/edgar/data/1324410/000119312506069033/0001193125-06-069033-index.htm,https://www.sec.gov/Archives/edgar/data/1324410/000119312506069033/d10k.htm
0,2005-09-30,GBNK,2005-11-14,2005-11-14 06:22:47,Q3,0.0,0.0,0.0,0.0,0.0,11581000,0.0,0.0,11581000,11581000,-19854000,1006000.0,11617000,0.0,10611000,0.0,0.0,16093000,0.0,5482000.0,9817000.0,0.0,0.18829,0.18829,52137132,52137132,https://www.sec.gov/Archives/edgar/data/1324410/000119312505223934/0001193125-05-223934-index.htm,https://www.sec.gov/Archives/edgar/data/1324410/000119312505223934/d10q.htm
