,date,symbol,fillingDate,acceptedDate,period,revenue,costOfRevenue,grossProfit,grossProfitRatio,researchAndDevelopmentExpenses,generalAndAdministrativeExpenses,sellingAndMarketingExpenses,otherExpenses,operatingExpenses,costAndExpenses,interestExpense,depreciationAndAmortization,ebitda,ebitdaratio,operatingIncome,operatingIncomeRatio,totalOtherIncomeExpensesNet,incomeBeforeTax,incomeBeforeTaxRatio,incomeTaxExpense,netIncome,netIncomeRatio,eps,epsdiluted,weightedAverageShsOut,weightedAverageShsOutDil,link,finalLink
0,2015-09-30,GEK,2015-11-02,2015-10-30 20:05:43,Q3,6311000000,18000000,6293000000,0.9971478371098083,0.0,-900000000,0.0,3155000000,2255000000,5541000000,1151000000,663000000,1433000000,0.227063856758,770000000,0.122009190303,0.0,770000000,0.122009190303,47000000,387000000,0.0613215021391,-0.00158,-0.00158,-245047608624,-245047608624,https://www.sec.gov/Archives/edgar/data/40554/000004054515000116/0000040545-15-000116-index.htm,https://www.sec.gov/Archives/edgar/data/40554/000004054515000116/gecc10q3q15.htm
0,2015-06-30,GEK,2015-07-30,2015-07-29 21:48:15,Q2,5159000000,22000000,5137000000,0.9957356076759062,0.0,-1841000000,0.0,3106000000,1265000000,591000000,294000000,-739000000,3829000000,0.742198100407,4568000000,0.885442915294,0.0,4568000000,0.885442915294,59000000,4627000000,0.8968792401628223,0.45789,0.45789,10105120379,10105120379,https://www.sec.gov/Archives/edgar/data/40554/000004054515000089/0000040545-15-000089-index.htm,https://www.sec.gov/Archives/edgar/data/40554/000004054515000089/gecc10q2q15.htm
0,2015-03-31,GEK,2015-05-04,2015-05-04 16:10:00,Q1,5982000000,18000000,5964000000,0.9969909729187563,0.0,-164000000,0.0,3358000000,3194000000,12283000000,1651000000,1917000000,-10536000000,-1.761283851554664,-12453000000,-2.0817452357071216,0.0,-6301000000,-1.0533266466064861,6152000000,-149000000,-0.024908057505850886,-0.13239,-0.13239,1125434027,1125434027,https://www.sec.gov/Archives/edgar/data/40554/000004054515000055/0000040545-15-000055-index.htm,https://www.sec.gov/Archives/edgar/data/40554/000004054515000055/gecc10q1q15.htm
0,2015-02-27,GEK,2015-02-27,2015-02-27 16:44:18,Q4,11512000000,23000000,11489000000,0.998002084781098,0.0,0.0,0.0,0.0,0.0,9265000000,0.0,1755000000,3893000000,0.33816886726893675,2138000000,0.18571924947880472,12000000,2247000000,0.19518763029881864,-109000000,2356000000,0.20465601111883253,2.24218,2.24218,1050765355,1050765355,https://www.sec.gov/Archives/edgar/data/40554/000004054515000032/0000040545-15-000032-index.htm,https://www.sec.gov/Archives/edgar/data/40554/000004054515000032/gecc10k2014.htm
0,2014-11-03,GEK,2014-11-04,2014-11-03 17:33:48,Q3,10451000000,25000000,10426000000,0.9976078844129749,0.0,0.0,0.0,0.0,0.0,8857000000,0.0,1894000000,3441000000,0.32925078939814373,1547000000,0.1480241125251172,0.0,1594000000,0.15252128982872454,-47000000,1641000000,0.15701846713233183,1.56724,1.56724,1047065337,1047065337,https://www.sec.gov/Archives/edgar/data/40554/000004054514000050/0000040545-14-000050-index.htm,https://www.sec.gov/Archives/edgar/data/40554/000004054514000050/gecc10q3q14.htm
0,2014-07-31,GEK,2014-07-31,2014-07-31 16:59:25,Q2,10247000000,31000000,10216000000,0.996974724309554,0.0,0.0,0.0,0.0,0.0,8589000000,0.0,1594000000,3468000000,0.3384405191763443,1874000000,0.1828827949643798,0.0,1658000000,0.16180345466965942,216000000,1442000000,0.140724114374939,1.19859,1.19859,1203084832,1203084832,https://www.sec.gov/Archives/edgar/data/40554/000004054514000035/0000040545-14-000035-index.htm,https://www.sec.gov/Archives/edgar/data/40554/000004054514000035/geccform10q2q14.htm
0,2014-05-09,GEK,2014-05-12,2014-05-09 19:12:54,Q1,10515000000,25000000,10490000000,0.997622444127437,0.0,0.0,0.0,0.0,0.0,8373000000,0.0,1616000000,3560000000,0.3385639562529719,1944000000,0.18487874465049928,4000000.0,2142000000,0.20370898716119828,-198000000,2340000000,0.2225392296718973,2.1843,2.1843,1071283440,1071283440,https://www.sec.gov/Archives/edgar/data/40554/000004055414000063/0000040554-14-000063-index.htm,https://www.sec.gov/Archives/edgar/data/40554/000004055414000063/geccform10q1q14.htm
0,2013-12-31,GEK,2014-02-27,2014-02-27 17:01:07,Q4,10882000000,33000000,10849000000,0.9969674692152178,0.0,0.0,0.0,3116000000,3116000000,9439000000,2221000000,1941000000,2714000000,0.24940268333,773000000,0.0710347362617,-5000000.0,2529000000,0.232402131961,1086000000,773000000,0.0710347362617,0.68573,0.68573,1127265861,1127265861,https://www.sec.gov/Archives/edgar/data/40554/000004055414000024/0000040554-14-000024-index.htm,https://www.sec.gov/Archives/edgar/data/40554/000004055414000024/gecc10k2013.htm
0,2013-09-30,GEK,2013-11-01,2013-11-01 17:13:19,Q3,10670000000,29000000,10641000000,0.9972820993439551,0.0,0.0,0.0,2992000000,2992000000,8764000000,2241000000,1967000000,3779000000,0.354170571696,1812000000,0.169821930647,6000000.0,1905000000,0.178537956888,1000000.0,1812000000,0.169821930647,1.55378,1.55378,1166188289,1166188289,https://www.sec.gov/Archives/edgar/data/40554/000004054513000093/0000040545-13-000093-index.htm,https://www.sec.gov/Archives/edgar/data/40554/000004054513000093/geccform10q3q13.htm
0,2013-06-30,GEK,2013-07-26,2013-07-26 16:29:30,Q2,10980000000,25000000,10955000000,0.9977231329690346,0.0,0.0,0.0,3136000000,3136000000,9030000000,2405000000,1707000000,3508000000,0.319489981785,1801000000,0.164025500911,19000000,1939000000,0.176593806922,11000000,1801000000,0.164025500911,0.0,0.0,0.0,0.0,https://www.sec.gov/Archives/edgar/data/40554/000004055413000060/0000040554-13-000060-index.htm,https://www.sec.gov/Archives/edgar/data/40554/000004055413000060/geccform10q06302013.htm
0,2013-05-08,GEK,2013-05-08,2013-05-07 18:35:11,Q1,11535000000,21000000,11514000000,0.9981794538361508,0.0,0.0,0.0,0.0,0.0,9515000000,0.0,1698000000,3636000000,0.3152145643693108,1938000000,0.1680104031209363,11000000,-82000000,-0.007108799306458604,-82000000,0.0,0.0,0.0,0.0,1386408404,1386408404,https://www.sec.gov/Archives/edgar/data/40554/000004055413000040/0000040554-13-000040-index.htm,https://www.sec.gov/Archives/edgar/data/40554/000004055413000040/geccform10q1q13.htm
0,2013-03-31,GEK,,Not found...,Q1,11535000000,21000000,11514000000,0.9981794538361508,0.0,0.0,0.0,3219000000,3219000000,9515000000,2400000000,1698000000,3516000000,0.304811443433,1818000000,0.157607282185,0.0,1938000000,0.168010403121,82000000,1818000000,0.157607282185,0.0,0.0,0.0,0.0,updating...,
0,2012-12-31,GEK,2013-02-26,2013-02-26 17:31:33,Q4,11770000000,24000000,11746000000,0.9979609175870858,0.0,0.0,0.0,3295000000,3295000000,9821000000,2708000000,1918000000,3421000000,0.290654205607,1503000000,0.127697536109,51000000,1825000000,0.155055225149,124000000,1503000000,0.127697536109,0.0,0.0,0.0,0.0,https://www.sec.gov/Archives/edgar/data/40554/000004054513000037/0000040545-13-000037-index.htm,https://www.sec.gov/Archives/edgar/data/40554/000004054513000037/gecc10k123112.htm
0,2012-09-30,GEK,2012-11-07,2012-11-06 17:45:15,Q3,11369000000,27000000,11342000000,0.9976251209429149,0.0,0.0,0.0,3072000000,3072000000,9592000000,2805000000,1768000000,2251000000,0.197994546574,483000000,0.0424839475767,0.0,1410000000,0.12402146187,78000000,1568000000,0.137918902278,0.0,0.0,0.0,0.0,https://www.sec.gov/Archives/edgar/data/40554/000004055412000121/0000040554-12-000121-index.htm,https://www.sec.gov/Archives/edgar/data/40554/000004055412000121/gecc10q09302012.htm
0,2012-06-30,GEK,2012-07-30,2012-07-30 16:43:37,Q2,11458000000,23000000,11435000000,0.99799266887764,0.0,0.0,0.0,3090000000,3090000000,9220000000,2988000000,1674000000,3912000000,0.341420841334,2238000000,0.195322045732,1000000.0,2238000000,0.195322045732,102000000,1569000000,0.136934892651,0.0,0.0,0.0,0.0,https://www.sec.gov/Archives/edgar/data/40554/000004055412000087/0000040554-12-000087-index.htm,https://www.sec.gov/Archives/edgar/data/40554/000004055412000087/gecc10q06302012.htm
0,2012-03-31,GEK,2012-05-04,2012-05-04 16:49:06,Q1,11442000000,25000000,11417000000,0.9978150672959273,0.0,0.0,0.0,2901000000,2901000000,9451000000,3196000000,1695000000,3686000000,0.322146477888,1991000000,0.174008040552,0.0,1991000000,0.174008040552,187000000,1575000000,0.137650760357,0.0,0.0,0.0,0.0,https://www.sec.gov/Archives/edgar/data/40554/000004055412000058/0000040554-12-000058-index.htm,https://www.sec.gov/Archives/edgar/data/40554/000004055412000058/gecc10q03312012.htm
0,2012-02-02,GEK,2012-02-24,2012-02-24 16:32:59,Q4,10745000000,27000000,10718000000,0.9974872033503955,0.0,0.0,0.0,-9778000000,-9778000000,8991000000,-10721000000,-5403000000,-3743000000,0.323252822638,1660000000,0.168815206517,-5000000.0,1754000000,0.168815206517,-94000000,1848000000,0.148749464056,0.0,0.0,0.0,0.0,https://www.sec.gov/Archives/edgar/data/40554/000004055412000039/0000040554-12-000039-index.htm,https://www.sec.gov/Archives/edgar/data/40554/000004055412000039/geccform10k2011.htm
0,2011-09-30,GEK,2011-11-08,2011-11-07 18:26:23,Q3,11148000000,30000000,11118000000,0.9973089343379978,0.0,0.0,0.0,3107000000,3107000000,9577000000,3557000000,1836000000,3407000000,0.305615357015,1571000000,0.1409221385,19000000,1571000000,0.1409221385,66000000,1469000000,0.131772515249,0.0,0.0,0.0,0.0,https://www.sec.gov/Archives/edgar/data/40554/000004055411000165/0000040554-11-000165-index.htm,https://www.sec.gov/Archives/edgar/data/40554/000004055411000165/geccform10q09302011.htm
0,2011-06-30,GEK,2011-07-29,2011-07-29 16:49:20,Q2,6385000000,20000000,6365000000,0.9968676585747847,0.0,2905000000,0.0,-2948000000,-43000000,1087000000,4068000000,1726000000,7024000000,1.10007830854,5298000000,0.82975724354,58000000,5298000000,0.82975724354,6988000000,21461000000,3.36115896633,0.0,0.0,0.0,0.0,https://www.sec.gov/Archives/edgar/data/40554/000004055411000119/0000040554-11-000119-index.htm,https://www.sec.gov/Archives/edgar/data/40554/000004055411000119/geccform10q06302011.htm
0,2011-03-31,GEK,2011-05-06,2011-05-06 16:16:27,Q1,12324000000,40000000,12284000000,0.996754300551769,0.0,0.0,0.0,0.0,0.0,10019000000,0.0,1775000000,3648000000,0.29600778967867575,1873000000,0.15197987666342097,4000000.0,2305000000,0.18703343070431677,-432000000,2737000000,0.2220869847452126,0.0,0.0,0.0,0.0,https://www.sec.gov/Archives/edgar/data/40554/000004055411000081/0000040554-11-000081-index.htm,https://www.sec.gov/Archives/edgar/data/40554/000004055411000081/gecc10-q03312011.htm
0,2010-12-31,GEK,2011-02-25,2011-02-25 16:41:26,Q4,10796000000,43000000,10753000000,0.9960170433493887,0.0,0.0,0.0,0.0,0.0,9953000000,0.0,1943000000,2903000000,0.268895887365691,960000000,0.0889218228973694,72000000,843000000,0.0780844757317525,0.0,843000000,0.0780844757317525,0.0,0.0,0.0,0.0,https://www.sec.gov/Archives/edgar/data/40554/000004054511000010/0000040545-11-000010-index.htm,https://www.sec.gov/Archives/edgar/data/40554/000004054511000010/gecc10k12312010.htm
0,2010-09-30,GEK,2010-11-03,2010-11-03 17:11:01,Q3,11616000000,39000000,11577000000,0.9966425619834711,0.0,0.0,0.0,0.0,0.0,11089000000,0.0,2027000000,2921000000,0.25146349862258954,894000000,0.07696280991735537,127000000,527000000,0.04536845730027548,0.0,527000000,0.04536845730027548,0.0,0.0,0.0,0.0,https://www.sec.gov/Archives/edgar/data/40554/000079746310000033/0000797463-10-000033-index.htm,https://www.sec.gov/Archives/edgar/data/40554/000079746310000033/gecc10q09302010.htm
0,2010-06-30,GEK,2010-08-02,2010-08-02 14:16:37,Q2,12297000000,154000000,12143000000,0.9874766203138977,0.0,0.0,0.0,0.0,0.0,11556000000,0.0,1856000000,2673000000,0.21737009026591853,817000000,0.06643896885419208,0.0,741000000,0.06025859965845328,0.0,741000000,0.06025859965845328,0.0,0.0,0.0,0.0,https://www.sec.gov/Archives/edgar/data/40554/000079746310000026/0000797463-10-000026-index.htm,https://www.sec.gov/Archives/edgar/data/40554/000079746310000026/gecc10q06302010.htm
0,2010-03-31,GEK,2010-05-07,2010-05-06 18:57:46,Q1,12331000000,265000000,12066000000,0.9785094477333549,0.0,0.0,0.0,0.0,0.0,12093000000,0.0,1924000000,2534000000,0.20549833752331523,610000000,0.049468818425107454,0.0,238000000,0.019300948828156677,0.0,238000000,0.019300948828156677,0.0,0.0,0.0,0.0,https://www.sec.gov/Archives/edgar/data/40554/000079746310000016/0000797463-10-000016-index.htm,https://www.sec.gov/Archives/edgar/data/40554/000079746310000016/gecc10q033110.htm
0,2009-12-31,GEK,2010-02-19,2010-02-19 17:19:25,Q4,12584000000,239000000,12345000000,0.9810076287349014,0.0,0.0,0.0,0.0,0.0,13417000000,0.0,2124000000,2194000000,0.17434837889383345,70000000,0.005562619198982835,0.0,-833000000,-0.06619516846789573,3881000000,-4714000000,-0.37460267005721554,0.0,0.0,0.0,0.0,https://www.sec.gov/Archives/edgar/data/40554/000079746310000005/0000797463-10-000005-index.htm,https://www.sec.gov/Archives/edgar/data/40554/000079746310000005/gecc10k2009.htm
0,2009-09-30,GEK,2009-11-02,2009-11-02 16:08:10,Q3,11918000000,181000000,11737000000,0.9848128880684679,0.0,0.0,0.0,0.0,0.0,12907000000,0.0,2064000000,2203000000,0.18484645074676959,139000000,0.011663030709850647,0.0,-3261000000,-0.2736197348548414,-1850000000,-1411000000,-0.1183923477093472,0.0,0.0,0.0,0.0,https://www.sec.gov/Archives/edgar/data/40554/000079746309000029/0000797463-09-000029-index.htm,https://www.sec.gov/Archives/edgar/data/40554/000079746309000029/gecc10q093009.htm
0,2009-06-30,GEK,2009-08-03,2009-08-03 10:08:38,Q2,12562000000,164000000,12398000000,0.9869447540200605,0.0,0.0,0.0,0.0,0.0,12853000000,0.0,1939000000,2343000000,0.18651488616462347,404000000,0.03216048399936316,0.0,1981000000,0.15769781881865944,695000000,1286000000,0.10237223372074511,0.0,0.0,0.0,0.0,https://www.sec.gov/Archives/edgar/data/40554/000079746309000025/0000797463-09-000025-index.htm,https://www.sec.gov/Archives/edgar/data/40554/000079746309000025/gecc10q63009.htm
0,2009-03-31,GEK,2009-05-01,2009-05-01 17:30:23,Q1,13609000000,224000000,13385000000,0.9835403042104489,0.0,0.0,0.0,0.0,0.0,13740000000,0.0,2173000000,3197000000,0.23491806892497613,1024000000,0.07524432360937615,0.0,-131000000,-0.009625982805496362,1155000000,-1286000000,-0.09449628922036887,-1.16198,-1.16198,1106734434,1106734434,https://www.sec.gov/Archives/edgar/data/40554/000079746309000020/0000797463-09-000020-index.htm,https://www.sec.gov/Archives/edgar/data/40554/000079746309000020/gecc10q33109.htm
0,2008-12-31,GEK,2009-02-18,2009-02-18 06:49:35,Q4,15098000000,253000000,14845000000,0.9832428136176977,0.0,0.0,0.0,0.0,0.0,16382000000,0.0,2691000000,3386000000,0.22426811498211682,695000000,0.04603258709762883,-13459000000,5463000000,0.36183600476884353,1979000000,3484000000,0.23075904093257385,3.148,3.148,1106734434,1106734434,https://www.sec.gov/Archives/edgar/data/40554/000079746309000009/0000797463-09-000009-index.htm,https://www.sec.gov/Archives/edgar/data/40554/000079746309000009/gecc10k2008.htm
0,2008-09-30,GEK,2008-10-30,2008-10-30 16:40:43,Q3,17528000000,486000000,17042000000,0.9722729347329986,0.0,0.0,0.0,0.0,0.0,15840000000,0.0,2354000000,4432000000,0.252852578731173,2078000000,0.11855317206754906,0.0,390000000,0.022250114103149247,390000000,0.0,0.0,0.0,0.0,0.0,0.0,https://www.sec.gov/Archives/edgar/data/40554/000079746308000022/0000797463-08-000022-index.htm,https://www.sec.gov/Archives/edgar/data/40554/000079746308000022/gecc10q93008.htm
0,2008-06-30,GEK,2008-07-25,2008-07-25 16:13:08,Q2,18200000000,461000000,17739000000,0.9746703296703296,0.0,0.0,0.0,0.0,0.0,15416000000,0.0,2137000000,4887000000,0.2685164835164835,2750000000,0.1510989010989011,0.0,-2665000000,-0.14642857142857144,-34000000,-2631000000,-0.14456043956043957,0.0,0.0,0.0,0.0,https://www.sec.gov/Archives/edgar/data/40554/000079746308000014/0000797463-08-000014-index.htm,https://www.sec.gov/Archives/edgar/data/40554/000079746308000014/gecc10q6302008.htm
0,2008-03-31,GEK,2008-04-25,2008-04-25 16:53:27,Q1,17168000000,317000000,16851000000,0.9815354147250699,0.0,0.0,0.0,0.0,0.0,14607000000,0.0,2121000000,4612000000,0.26863932898415654,2491000000,0.1450955265610438,0.0,2561000000,0.14917287977632807,-70000000,2631000000,0.1532502329916123,-0.00133,-0.00133,-1977396956714,-1977396956714,https://www.sec.gov/Archives/edgar/data/40554/000079746308000008/0000797463-08-000008-index.htm,https://www.sec.gov/Archives/edgar/data/40554/000079746308000008/gecc10q3312008.htm
0,2007-12-31,GEK,2008-02-20,2008-02-20 09:02:59,Q4,18330000000,344000000,17986000000,0.9812329514457174,0.0,0.0,0.0,0.0,0.0,14918000000,0.0,2265000000,5677000000,0.30971085651936714,3412000000,0.1861429350791053,0.0,13385000000,0.7302236770321877,0.0,13385000000,0.7302236770321877,-0.00677,-0.00677,-1977396956714,-1977396956714,https://www.sec.gov/Archives/edgar/data/40554/000079746308000004/0000797463-08-000004-index.htm,https://www.sec.gov/Archives/edgar/data/40554/000079746308000004/gecc10k123107.htm
0,2007-09-30,GEK,2007-11-02,2007-11-02 15:04:38,Q3,17351000000,236000000,17115000000,0.9863984784738632,0.0,0.0,0.0,0.0,0.0,12851000000,0.0,1980000000,5836000000,0.3363494899429428,3856000000,0.2222350296812864,0.0,-644000000,-0.037116016367932686,-644000000,0.0,0.0,0.0,0.0,0.0,0.0,https://www.sec.gov/Archives/edgar/data/40554/000004055407000312/0000040554-07-000312-index.htm,https://www.sec.gov/Archives/edgar/data/40554/000004055407000312/gecc10q9302007.htm
0,2007-06-30,GEK,2007-07-27,2007-07-27 13:04:40,Q2,15942000000,23000000,15919000000,0.9985572701041274,0.0,0.0,0.0,0.0,0.0,13687000000,0.0,1931000000,4139000000,0.2596286538702798,2208000000,0.13850207000376363,0.0,-2574000000,-0.1614602935641701,-47000000,-2527000000,-0.15851210638564797,0.0,0.0,0.0,0.0,https://www.sec.gov/Archives/edgar/data/40554/000004055407000204/0000040554-07-000204-index.htm,https://www.sec.gov/Archives/edgar/data/40554/000004055407000204/gecc10q6302007.htm
0,2007-03-31,GEK,2007-04-27,2007-04-27 14:28:01,Q1,15626000000,25000000,15601000000,0.9984001023934468,0.0,0.0,0.0,0.0,0.0,13122000000,0.0,1920000000,4401000000,0.2816459746576219,2481000000,0.15877383847433765,0.0,2504000000,0.16024574427236657,-23000000,2527000000,0.16171765007039549,-0.00124,-0.00124,-2032579040282,-2032579040282,https://www.sec.gov/Archives/edgar/data/40554/000004054507000024/0000040545-07-000024-index.htm,https://www.sec.gov/Archives/edgar/data/40554/000004054507000024/gecc10q3312007.htm
0,2006-12-31,GEK,2007-02-27,2007-02-27 09:20:33,Q4,16273000000,552000000,15721000000,0.9660787808025564,0.0,0.0,0.0,0.0,0.0,12885000000,0.0,1783000000,4824000000,0.2964419590733116,3041000000,0.1868739630062066,0.0,12318000000,0.7569593805690408,-347000000,12665000000,0.7782830455355497,-0.00623,-0.00623,-2032579040282,-2032579040282,https://www.sec.gov/Archives/edgar/data/40554/000004055407000077/0000040554-07-000077-index.htm,https://www.sec.gov/Archives/edgar/data/40554/000004055407000077/gecc10k12312006.htm
0,2006-09-30,GEK,2006-10-31,2006-10-30 19:09:23,Q3,15306000000,480000000,14826000000,0.968639749117993,0.0,0.0,0.0,0.0,0.0,12316000000,0.0,1648000000,4337000000,0.2833529334901346,2689000000,0.17568273879524368,0.0,-301000000,-0.019665490657258592,-301000000,0.0,0.0,0.0,0.0,0.0,0.0,https://www.sec.gov/Archives/edgar/data/40554/000004055406000358/0000040554-06-000358-index.htm,https://www.sec.gov/Archives/edgar/data/40554/000004055406000358/gecc10q9302006.htm
0,2006-06-30,GEK,2006-07-24,2006-07-24 17:14:32,Q2,14351000000,659000000,13692000000,0.954079855062365,0.0,0.0,0.0,0.0,0.0,11758000000,0.0,1565000000,3980000000,0.2773325900634102,2415000000,0.16828095603093862,0.0,-3046000000,-0.21225001742038882,-178000000,-2868000000,-0.1998467005783569,0.0,0.0,0.0,0.0,https://www.sec.gov/Archives/edgar/data/40554/000004055406000149/0000040554-06-000149-index.htm,https://www.sec.gov/Archives/edgar/data/40554/000004055406000149/gecc10q63006.htm
0,2006-03-31,GEK,2006-04-26,2006-04-26 16:07:04,Q1,13803000000,513000000,13290000000,0.9628341664855466,0.0,0.0,0.0,0.0,0.0,11256000000,0.0,1486000000,3712000000,0.2689270448453235,2226000000,0.16126928928493806,0.0,2547000000,0.18452510323842644,-321000000,2868000000,0.2077809171919148,0.0,0.0,0.0,0.0,https://www.sec.gov/Archives/edgar/data/40554/000004055406000071/0000040554-06-000071-index.htm,https://www.sec.gov/Archives/edgar/data/40554/000004055406000071/gecc10q33106.htm
0,2005-12-31,GEK,2006-03-03,2006-03-03 09:35:07,Q4,5645000000,601000000,5044000000,0.8935341009743135,0.0,0.0,0.0,0.0,0.0,4529000000,0.0,1396000000,-6166000000,-1.0922940655447297,-7562000000,-1.3395925597874225,0.0,-9430000000,-1.670504871567759,598000000,-10028000000,-1.7764393268379097,-0.011101,-0.011101,0.0,0.0,https://www.sec.gov/Archives/edgar/data/40554/000004055406000056/0000040554-06-000056-index.htm,https://www.sec.gov/Archives/edgar/data/40554/000004055406000056/gecc10k123105.htm
0,2005-10-24,GEK,2005-10-24,2005-10-24 17:24:30,Q3,17533000000,505000000,17028000000,0.9711971710488793,0.0,0.0,0.0,0.0,0.0,14054000000,0.0,1564000000,5043000000,0.2876290423772315,3479000000,0.19842582558603775,0.0,3479000000,0.19842582558603775,-730000000,4209000000,0.240061598129242,0.0,0.0,0.0,0.0,https://www.sec.gov/Archives/edgar/data/40554/000004055405000117/0000040554-05-000117-index.htm,https://www.sec.gov/Archives/edgar/data/40554/000004055405000117/gecc3q05form10q.htm
0,2005-06-30,GEK,2005-07-29,2005-07-29 16:19:24,Q2,16170000000,628000000,15542000000,0.9611626468769325,0.0,0.0,0.0,0.0,0.0,13681000000,0.0,1397000000,3886000000,0.24032158317872604,2489000000,0.1539270253555968,0.0,2489000000,0.1539270253555968,-363000000,2852000000,0.17637600494743352,0.0,0.0,0.0,0.0,https://www.sec.gov/Archives/edgar/data/40554/000004055405000084/0000040554-05-000084-index.htm,https://www.sec.gov/Archives/edgar/data/40554/000004055405000084/form10q.htm
0,2005-03-31,GEK,2005-05-06,2005-05-06 10:29:26,Q1,16167000000,635000000,15532000000,0.9607224593307354,0.0,0.0,0.0,0.0,0.0,13645000000,0.0,1626000000,4148000000,0.2565720294426919,2522000000,0.15599678357147276,0.0,2522000000,0.15599678357147276,-445000000,2967000000,0.18352198923733531,-0.00074,-0.00074,-3999999999999,-3999999999999,https://www.sec.gov/Archives/edgar/data/40554/000079746305000008/0000797463-05-000008-index.htm,https://www.sec.gov/Archives/edgar/data/40554/000079746305000008/form10-q.htm
0,2004-12-31,GEK,2005-03-01,2005-03-01 10:52:11,Q4,16350000000,815000000,15535000000,0.9501529051987767,0.0,0.0,0.0,0.0,0.0,13565000000,0.0,1442000000,4227000000,0.2585321100917431,2785000000,0.17033639143730886,0.0,2785000000,0.17033639143730886,-230000000,3015000000,0.18440366972477065,-0.00075,-0.00075,-3999999999999,-3999999999999,https://www.sec.gov/Archives/edgar/data/40554/000004054505000022/0000040545-05-000022-index.htm,https://www.sec.gov/Archives/edgar/data/40554/000004054505000022/gecc10k.htm
0,2004-09-30,GEK,2004-10-26,2004-10-26 09:20:06,Q3,14656000000,674000000,13982000000,0.9540120087336245,0.0,0.0,0.0,0.0,0.0,11746000000,0.0,1491000000,4401000000,0.3002865720524017,2910000000,0.19855349344978165,0.0,2910000000,0.19855349344978165,-660000000,3570000000,0.24358624454148473,0.0,0.0,0.0,0.0,https://www.sec.gov/Archives/edgar/data/40554/000004055404000127/0000040554-04-000127-index.htm,https://www.sec.gov/Archives/edgar/data/40554/000004055404000127/gecc3q04.htm
0,2004-06-30,GEK,2004-07-30,2004-07-30 12:45:24,Q2,14136000000,701000000,13435000000,0.9504102999434069,0.0,0.0,0.0,0.0,0.0,12276000000,0.0,1423000000,3283000000,0.23224391624221846,1860000000,0.13157894736842105,0.0,1860000000,0.13157894736842105,-284000000,2144000000,0.15166949632144877,0.0,0.0,0.0,0.0,https://www.sec.gov/Archives/edgar/data/40554/000004055404000079/0000040554-04-000079-index.htm,https://www.sec.gov/Archives/edgar/data/40554/000004055404000079/gecc2q10q.htm
0,2004-03-31,GEK,2004-05-04,2004-05-04 16:15:13,Q1,14205000000,551000000,13654000000,0.9612108412530799,0.0,0.0,0.0,0.0,0.0,12133000000,0.0,1418000000,3490000000,0.24568813797958466,2072000000,0.14586413234776488,0.0,2072000000,0.14586413234776488,-419000000,2491000000,0.17536078845476943,0.0,0.0,0.0,0.0,https://www.sec.gov/Archives/edgar/data/40554/000004055404000059/0000040554-04-000059-index.htm,https://www.sec.gov/Archives/edgar/data/40554/000004055404000059/gecc10q1q04.htm
0,2003-12-31,GEK,2004-03-02,2004-03-01 18:25:55,Q4,13844000000,758000000,13086000000,0.9452470384281999,0.0,0.0,0.0,0.0,0.0,-30553000000,0.0,1207000000,3629000000,0.26213522103438314,2422000000,0.1749494365790234,0.0,2422000000,0.1749494365790234,-413000000,2835000000,0.20478185495521525,0.0,0.0,0.0,0.0,https://www.sec.gov/Archives/edgar/data/40554/000004055404000030/0000040554-04-000030-index.htm,https://www.sec.gov/Archives/edgar/data/40554/000004055404000030/gecc10k.htm
0,2003-09-30,GEK,2003-10-31,2003-10-31 17:02:28,Q3,14081000000,459000000,13622000000,0.9674028833179462,0.0,0.0,0.0,0.0,0.0,11507000000,0.0,1197000000,3771000000,0.2678076841133442,2574000000,0.18279951707975287,0.0,2574000000,0.18279951707975287,-573000000,3147000000,0.22349264966976778,0.0,0.0,0.0,0.0,https://www.sec.gov/Archives/edgar/data/40554/000004055403000106/0000040554-03-000106-index.htm,https://www.sec.gov/Archives/edgar/data/40554/000004055403000106/gecc10q.htm
0,2003-06-30,GEK,2003-08-01,2003-08-01 13:22:01,Q2,12967000000,465000000,12502000000,0.9641397393383203,0.0,0.0,0.0,0.0,0.0,11057000000,0.0,1236000000,3146000000,0.2426158710572993,1910000000,0.1472969846533508,0.0,1910000000,0.1472969846533508,-306000000,2216000000,0.17089534973394,0.0,0.0,0.0,0.0,https://www.sec.gov/Archives/edgar/data/40554/000004055403000080/0000040554-03-000080-index.htm,https://www.sec.gov/Archives/edgar/data/40554/000004055403000080/gecc_edgar.htm
0,2003-03-31,GEK,2003-05-02,2003-05-02 12:09:38,Q1,12024000000,437000000,11587000000,0.9636560212907518,0.0,0.0,0.0,0.0,0.0,10108000000,0.0,954000000,2870000000,0.2386892880904857,1916000000,0.15934797072521623,0.0,1916000000,0.15934797072521623,-298000000,2214000000,0.18413173652694612,0.0,0.0,0.0,0.0,https://www.sec.gov/Archives/edgar/data/40554/000004055403000048/0000040554-03-000048-index.htm,https://www.sec.gov/Archives/edgar/data/40554/000004055403000048/gecc1q03.htm
0,2002-12-31,GEK,2003-03-07,2003-03-07 13:43:07,Q4,12859000000,802000000,12057000000,0.9376312310444047,0.0,0.0,0.0,0.0,0.0,802000000,0.0,1240000000,2836000000,0.22054592114472354,1596000000,0.1241154055525313,21498000000,1596000000,0.1241154055525313,-26000000,1622000000,0.12613733571817404,0.0,0.0,0.0,0.0,https://www.sec.gov/Archives/edgar/data/40554/000004055403000026/0000040554-03-000026-index.htm,https://www.sec.gov/Archives/edgar/data/40554/000004055403000026/gecc_10k.htm
