,date,symbol,fillingDate,acceptedDate,period,revenue,costOfRevenue,grossProfit,grossProfitRatio,researchAndDevelopmentExpenses,generalAndAdministrativeExpenses,sellingAndMarketingExpenses,otherExpenses,operatingExpenses,costAndExpenses,interestExpense,depreciationAndAmortization,ebitda,ebitdaratio,operatingIncome,operatingIncomeRatio,totalOtherIncomeExpensesNet,incomeBeforeTax,incomeBeforeTaxRatio,incomeTaxExpense,netIncome,netIncomeRatio,eps,epsdiluted,weightedAverageShsOut,weightedAverageShsOutDil,link,finalLink
0,2020-03-31,THQ,,,Q1,11464560,8894450.0,2570110.0,0.224179,0.0,74010.0,0.0,172290.0,246289.99999999834,9140739.999999998,-27600980,0.0,-52878130,-4.612312,2323820.0,0.202696,0.0,-25277150,-2.204808,0.0,-25277150,-2.204808,-0.61144,-0.61144,41340450,41340450,,
0,2019-09-30,THQ,,,Q4,11252010,9405570.0,1846440.0,0.164099,0.0,63430.0,0.0,170600.0,234019.99999999924,9639590.0,-5129680.0,0.0,-8646930.0,-0.768479,1612420.0,0.143301,0.0,-3517250.0,-0.312589,0.0,-3517250.0,-0.312589,-0.08483,-0.08483,41462660,41462660,,
0,2019-03-31,THQ,,,Q3,11170220,9420180.0,1750040.0,0.15667,0.0,77920.0,0.0,198510.0,276429.9999999995,9696610.0,-39814090,0.0,-78154570,-6.99669,1473610.0,0.131923,0.0,-38340480,-3.432384,0.0,-38340480,-3.432384,-0.9247,-0.9247,41462660,41462660,,
0,2018-09-30,THQ,,,Q2,12013890,9374080.0,2639810.0,0.21973,0.0,61300.0,0.0,225650.0,286940.0000000013,9661020.000000002,144722910,0.0,291798700,24.288444,2352870.0,0.195846,0.0,147075790,12.242146,0.0,147075790,12.242146,3.56285,3.56285,41280320,41280320,,
0,2018-03-31,THQ,,,Q1,12099550,8420200.0,3679350.0,0.30409,0.0,86170.0,0.0,229730.0,315900.00000000093,8736100.000000002,-54574630,0.0,-105785810,-8.742954,3363450.0,0.277981,0.0,-51211180,-4.232486,0.0,-51211180,-4.232486,-1.19469,-1.19469,42865840,42865840,,
0,2017-09-30,THQ,,,Q4,11990900,8420200.0,3570700.0,0.297784,0.0,84800.0,0.0,232970.0,317780.0000000008,8737980.0,79568110,0.0,162389140,13.542698,3252920.0,0.271282,0.0,82821030,6.90699,0.0,82821030,6.90699,1.90323,1.90323,43516090,43516090,,
0,2017-03-31,THQ,,,Q3,11780000,7600000.0,4180000.0,0.354839,0.0,80000.0,0.0,260000.0,340000.00000000076,7940000.000000001,14180000,0.0,32200000,2.733447,3840000.0,0.325976,0.0,18020000,1.529711,0.0,18020000,1.529711,0.41406,0.41406,43520000,43520000,,
0,2016-09-30,THQ,,,Q2,10900000,7780000.0,3120000.0,0.286239,0.0,90000.0,0.0,150000.0,239999.99999999933,8019999.999999999,88360000,0.0,179600000,16.477064,2880000.0,0.26422,-30000.0,91240000,8.370642,0.0,91240000,8.370642,2.0941,2.0941,43570000,43570000,,
0,2016-03-31,THQ,,,Q1,12280000,6990000.0,5280000.0,0.429967,0.0,70000.0,0.0,230000.0,299999.9999999998,7290000.0,-7650000.0,0.0,-10310000,-0.839577,4990000.0,0.406352,0.0,-2660000.0,-0.216612,0.0,-2660000.0,-0.216612,-0.06062,-0.06062,43880000,43880000,,
