,date,symbol,fillingDate,acceptedDate,period,revenue,costOfRevenue,grossProfit,grossProfitRatio,researchAndDevelopmentExpenses,generalAndAdministrativeExpenses,sellingAndMarketingExpenses,otherExpenses,operatingExpenses,costAndExpenses,interestExpense,depreciationAndAmortization,ebitda,ebitdaratio,operatingIncome,operatingIncomeRatio,totalOtherIncomeExpensesNet,incomeBeforeTax,incomeBeforeTaxRatio,incomeTaxExpense,netIncome,netIncomeRatio,eps,epsdiluted,weightedAverageShsOut,weightedAverageShsOutDil,link,finalLink
0,2018-06-30,CHFN,2018-08-08 00:00:00,2018-08-08 14:31:00,Q3,14770288,0.0,14770288,1.0,0.0,6398809.0,1245999000,0.0,6567310.0,6567310.0,2113769.0,289546.0,7017087.0,0.475081257725,6727541.0,0.455477983909,0.0,6727541.0,0.455477983909,2081428.0,4646113.0,0.314558050595,0.30439,0.30439,14490993,15263528,https://www.sec.gov/Archives/edgar/data/1478726/000147872618000041/0001478726-18-000041-index.html,https://www.sec.gov/Archives/edgar/data/1478726/000147872618000041/chfn0630201810q.htm
0,2018-03-31,CHFN,2018-05-09 00:00:00,2018-05-09 12:06:13,Q2,14686181,0.0,14686181,1.0,0.0,7022241.0,806532000,0.0,7212992.0,7212992.0,1978142.0,312031.0,7575454.0,0.515821914492,7263423.0,0.49457534263,0.0,7263423.0,0.49457534263,2013914.0,5249509.0,0.357445478848,0.34326,0.34326,14464281,15292964,https://www.sec.gov/Archives/edgar/data/1478726/000147872618000027/0001478726-18-000027-index.html,https://www.sec.gov/Archives/edgar/data/1478726/000147872618000027/chfn0331201810q.htm
0,2017-12-31,CHFN,2018-02-08 00:00:00,2018-02-08 14:32:01,Q1,14307479,0.0,14307479,1.0,0.0,7008791.0,329137000,0.0,7199542.0,7199542.0,1972352.0,367569.0,8195163.0,0.572788749157,7827594.0,0.547098059693,0.0,7827594.0,0.547098059693,3430591.0,4397003.0,0.30732199572,0.28859,0.28859,14408416,15235942,https://www.sec.gov/Archives/edgar/data/1478726/000147872618000013/0001478726-18-000013-index.html,https://www.sec.gov/Archives/edgar/data/1478726/000147872618000013/chfn1231201710q.htm
0,2017-09-30,CHFN,2017-12-13 00:00:00,2017-12-13 15:33:19,Q4,13300059,367710000,13300059,1.0,0.0,7688489.0,1631795000,0.0,7267587.0,7267587.0,1762012.0,222460.0,4206269.0,0.316259424112,3983809.0,0.299533182522,0.0,3983809.0,0.299533182522,1424016.0,2559793.0,0.192464785307,0.16893,0.16893,14316609,15153373,https://www.sec.gov/Archives/edgar/data/1478726/000147872617000054/0001478726-17-000054-index.html,https://www.sec.gov/Archives/edgar/data/1478726/000147872617000054/chfn-0930201710k.htm
0,2017-06-30,CHFN,2017-08-08 00:00:00,2017-08-08 15:39:38,Q3,11987398,0.0,11987398,1.0,0.0,6530408.0,1152357000,0.0,6648213.0,6648213.0,1639489.0,165207.0,5694967.0,0.475079495984,5529760.0,0.461297772878,0.0,5529760.0,0.461297772878,2015910.0,3513850.0,0.293128667289,0.23121,0.23121,14293859,15197400,https://www.sec.gov/Archives/edgar/data/1478726/000147872617000041/0001478726-17-000041-index.html,https://www.sec.gov/Archives/edgar/data/1478726/000147872617000041/chfn-0630201710q.htm
0,2017-03-31,CHFN,2017-05-09 00:00:00,2017-05-09 11:26:49,Q2,11654831,0.0,11654831,1.0,0.0,6078575.0,768467000,0.0,6228010.0,6228010.0,1651970.0,199874.0,5801149.0,0.497746299367,5601275.0,0.480596844347,0.0,5601275.0,0.480596844347,2284480.0,3316795.0,0.284585422131,0.21704,0.21704,14264248,15282278,https://www.sec.gov/Archives/edgar/data/1478726/000147872617000028/0001478726-17-000028-index.html,https://www.sec.gov/Archives/edgar/data/1478726/000147872617000028/chfn-0331201710q.htm
0,2016-12-31,CHFN,2017-02-08 00:00:00,2017-02-08 15:23:10,Q1,12199520,0.0,12199520,1.0,0.0,6133673.0,356524000,0.0,6287335.0,6287335.0,1666083.0,173729.0,7816587.0,0.640729061471,7642858.0,0.626488419216,0.0,7642858.0,0.626488419216,2597191.0,5045667.0,0.413595534906,0.33493,0.33493,14207468,15064879,https://www.sec.gov/Archives/edgar/data/1478726/000147872617000009/0001478726-17-000009-index.html,https://www.sec.gov/Archives/edgar/data/1478726/000147872617000009/chfn-1231201610q.htm
0,2016-09-30,CHFN,2016-12-09 00:00:00,2016-12-09 14:51:08,Q4,12199827,334954000,12199827,1.0,0.0,6634983.0,1590171000,0.0,6377138.0,6377138.0,1622362.0,236722.0,6150736.0,0.504165837761,5914014.0,0.484762119987,0.0,5914014.0,0.484762119987,2103296.0,3810718.0,0.31235836377,0.25433,0.25433,14371126,14983344,https://www.sec.gov/Archives/edgar/data/1478726/000147872616000096/0001478726-16-000096-index.html,https://www.sec.gov/Archives/edgar/data/1478726/000147872616000096/chfn-09302016_10k.htm
0,2016-06-30,CHFN,2016-08-08 00:00:00,2016-08-08 15:31:17,Q3,12082839,25732000,12082839,1.0,0.0,8470499.0,1081515000,0.0,8643206.0,8643206.0,1551510.0,310336.0,2132262.0,0.176470281529,1821926.0,0.150786251476,0.0,1821926.0,0.150786251476,526690.0,1295236.0,0.107196330266,0.08583,0.08583,14433345,15090484,https://www.sec.gov/Archives/edgar/data/1478726/000147872616000083/0001478726-16-000083-index.html,https://www.sec.gov/Archives/edgar/data/1478726/000147872616000083/chfn-0630201610q.htm
0,2016-03-31,CHFN,2016-05-09 00:00:00,2016-05-09 15:54:11,Q2,8650583.0,50164000,8650583.0,1.0,0.0,5287339.0,613161000,0.0,5323492.0,5323492.0,1237587.0,-3049.0,3257666.0,0.376583404841,3260715.0,0.376935866635,0.0,3260715.0,0.376935866635,1117627.0,2143088.0,0.247739140819,0.1406,0.1406,14557000,15242085,https://www.sec.gov/Archives/edgar/data/1478726/000147872616000072/0001478726-16-000072-index.html,https://www.sec.gov/Archives/edgar/data/1478726/000147872616000072/chfn-0331201610q.htm
0,2015-12-31,CHFN,2016-02-08 00:00:00,2016-02-08 15:53:10,Q1,9221039.0,0.0,9221039.0,1.0,0.0,5262989.0,260914000,0.0,5311974.0,5311974.0,1218315.0,-3260.0,6970289.0,0.75591145423,6973549.0,0.756264993565,0.0,6973549.0,0.756264993565,2359271.0,4614278.0,0.500407600488,0.29683,0.29683,14885529,15545216,https://www.sec.gov/Archives/edgar/data/1478726/000147872616000055/0001478726-16-000055-index.html,https://www.sec.gov/Archives/edgar/data/1478726/000147872616000055/chfn-1231201510q.htm
0,2015-09-30,CHFN,2015-12-11 00:00:00,2015-12-11 16:37:11,Q4,9296338.0,35562000,9296338.0,1.0,0.0,5585634.0,1282226000,0.0,5645680.0,5645680.0,1223274.0,110081.0,920237.0,0.0989891933792,810156.0,0.0871478640299,0.0,810156.0,0.0871478640299,257463.0,552693.0,0.0594527651641,0.0337,0.0337,15717421,16399831,https://www.sec.gov/Archives/edgar/data/1478726/000147872615000043/0001478726-15-000043-index.html,https://www.sec.gov/Archives/edgar/data/1478726/000147872615000043/chfn-09302015_10k.htm
0,2015-06-30,CHFN,2015-08-07 00:00:00,2015-08-07 15:02:45,Q3,8146639.0,54573000,8146639.0,1.0,0.0,5034540.0,938461000,0.0,5098549.0,5098549.0,1217894.0,646202.0,3558732.0,0.436834380411,2912530.0,0.357513079934,0.0,2912530.0,0.357513079934,1000796.0,1911734.0,0.234665363225,0.1158,0.1158,15858186,16508693,https://www.sec.gov/Archives/edgar/data/1478726/000147872615000033/0001478726-15-000033-index.html,https://www.sec.gov/Archives/edgar/data/1478726/000147872615000033/chfn-0630201510q.htm
0,2015-03-31,CHFN,2015-05-11 00:00:00,2015-05-11 15:35:51,Q2,7803644.0,0.0,7803644.0,1.0,0.0,5077774.0,632470000,0.0,5145862.0,5145862.0,1236081.0,1007139.0,3202426.0,0.410375716781,2195287.0,0.281315626392,0.0,2195287.0,0.281315626392,761055.0,1434232.0,0.183790034502,0.08667,0.08667,16007320,16547409,https://www.sec.gov/Archives/edgar/data/1478726/000147872615000021/0001478726-15-000021-index.html,https://www.sec.gov/Archives/edgar/data/1478726/000147872615000021/chfn-0331201510q.htm
0,2014-12-31,CHFN,2015-02-09,2015-02-09 14:51:31,Q1,7633323.0,57320000,7633323.0,1.0,0.0,5014267.0,265232000,0.0,5088575.0,5088575.0,1335673.0,815903.0,3275404.0,0.429092807942,2459501.0,0.322205807353,0.0,2459501.0,0.322205807353,785998.0,1673503.0,0.219236497656,0.10015,0.10015,16175485,16709543,https://www.sec.gov/Archives/edgar/data/1478726/000147872615000008/0001478726-15-000008-index.htm,https://www.sec.gov/Archives/edgar/data/1478726/000147872615000008/chfn-1231201410q.htm
0,2014-09-30,CHFN,2014-12-12 00:00:00,2014-12-12 14:20:29,Q4,7082294.0,0.0,7082294.0,1.0,0.0,5241096.0,0.0,0.0,5320792.0,5320792.0,1377552.0,2245482.0,3287559.0,0.464194087396,1042077.0,0.147138342464,0.0,963090.0,0.135985600146,480919.0,1042077.0,0.147138342464,0.04938,0.04938,20591302,21101388,https://www.sec.gov/Archives/edgar/data/1478726/000147872614000061/0001478726-14-000061-index.html,https://www.sec.gov/Archives/edgar/data/1478726/000147872614000061/chfn-0930201410k.htm
0,2014-06-30,CHFN,2014-08-12 00:00:00,2014-08-12 13:39:00,Q3,7620944.0,0.0,7620944.0,1.0,0.0,4969325.0,976048000,0.0,5063779.0,5063779.0,1385840.0,2236989.0,2630989.0,0.34523137816,394000.0,0.0516996319616,0.0,1558445.0,0.204495007443,870116.0,1785178.0,0.234246308594,0.081,0.081,21486082,22040274,https://www.sec.gov/Archives/edgar/data/1478726/000147872614000050/0001478726-14-000050-index.html,https://www.sec.gov/Archives/edgar/data/1478726/000147872614000050/chfn-0630201410q.htm
0,2014-03-31,CHFN,2014-05-15 00:00:00,2014-05-15 12:00:32,Q2,7493482.0,286692000,7493482.0,1.0,0.0,4851837.0,636274000,0.0,4951579.0,4951579.0,1430080.0,592911.0,2776499.0,0.370521874877,2183588.0,0.291398311226,0.0,2183588.0,0.291398311226,692778.0,1490810.0,0.198947565364,0.06662,0.06662,21855743,22378144,https://www.sec.gov/Archives/edgar/data/1478726/000147872614000029/0001478726-14-000029-index.html,https://www.sec.gov/Archives/edgar/data/1478726/000147872614000029/chfn-0331201410q.htm
0,2013-12-31,CHFN,2014-02-14,2014-02-14 12:20:16,Q1,7721246.0,0.0,7721246.0,1.0,0.0,4700952.0,299740000,0.0,4807270.0,4807270.0,1536293.0,-172407.0,2163061.0,0.280144033748,2335468.0,0.302472942839,0.0,2335468.0,0.302472942839,698400.0,1637068.0,0.212021220409,0.07267,0.07267,22006657,22527837,https://www.sec.gov/Archives/edgar/data/1478726/000147872614000008/0001478726-14-000008-index.htm,https://www.sec.gov/Archives/edgar/data/1478726/000147872614000008/chfn-1231201310q.htm
0,2013-09-30,CHFN,2013-12-13 00:00:00,2013-12-13 13:59:26,Q4,8263777.0,0.0,8263777.0,1.0,0.0,4955785.0,0.0,0.0,5067492.0,5067492.0,1661556.0,-299033.0,1003147.0,0.121390860378,1302180.0,0.1575768562,0.0,1302180.0,0.1575768562,382408.0,919772.0,0.111301648145,0.04424,0.04424,20629531,20792089,https://www.sec.gov/Archives/edgar/data/1478726/000147872613000020/0001478726-13-000020-index.html,https://www.sec.gov/Archives/edgar/data/1478726/000147872613000020/chfn-09302013x10k.htm
0,2013-06-30,CHFN,2013-08-09 00:00:00,2013-08-09 13:13:02,Q3,8910553.0,977302000,8910553.0,1.0,0.0,4460128.0,927110000,0.0,4576444.0,4576444.0,1743157.0,-322404.0,1945058.0,0.218287013163,2267462.0,0.254469279292,0.0,2267462.0,0.254469279292,649513.0,1617949.0,0.181576721445,0.07972,0.07972,20165850,20296461,https://www.sec.gov/Archives/edgar/data/1478726/000147872613000010/0001478726-13-000010-index.html,https://www.sec.gov/Archives/edgar/data/1478726/000147872613000010/chfn-6302013x10q.htm
0,2013-03-31,CHFN,2013-05-10 00:00:00,2013-05-10 12:04:55,Q2,-1920453980,1321126000,599327980,-0.31207619981604556,0.0,-296669249,0.0,9132000.0,-287288849,-1671883849,-578594.0,-46171036,-297995761,0.155169436031,-251824725,0.131127706065,-8764000.0,-256053725,0.133329789553,-39849421,-216204304,0.112579789077,-11.13543,-11.13543,19374829,19415896,https://www.sec.gov/Archives/edgar/data/1478726/000143774913005717/0001437749-13-005717-index.html,https://www.sec.gov/Archives/edgar/data/1478726/000143774913005717/chfn_10q-033113.htm
