,date,symbol,fillingDate,acceptedDate,period,revenue,costOfRevenue,grossProfit,grossProfitRatio,researchAndDevelopmentExpenses,generalAndAdministrativeExpenses,sellingAndMarketingExpenses,otherExpenses,operatingExpenses,costAndExpenses,interestExpense,depreciationAndAmortization,ebitda,ebitdaratio,operatingIncome,operatingIncomeRatio,totalOtherIncomeExpensesNet,incomeBeforeTax,incomeBeforeTaxRatio,incomeTaxExpense,netIncome,netIncomeRatio,eps,epsdiluted,weightedAverageShsOut,weightedAverageShsOutDil,link,finalLink
0,2020-09-30,CNOB,2020-11-06,2020-11-06 17:16:40,Q1,0.0,0.0,0.0,0.0,0.0,0.0,0.0,0.0,0.0,0.0,0.0,0.0,0.0,0.0,0.0,0.0,0.0,0.0,0.0,0.0,0.0,0.0,0.0,0.0,39612000,39612000,https://www.sec.gov/Archives/edgar/data/712771/000120677420003042/0001206774-20-003042-index.htm,https://www.sec.gov/Archives/edgar/data/712771/000120677420003042/cnob3825261-10q.htm
0,2020-06-30,CNOB,2020-08-10,2020-08-10 17:12:33,Q2,65411000,0.0,65411000,1.0,0.0,48063000,426000.0,-29000.0,65950000,15893000,17887000,1563000.0000000002,36798000,0.291742062839,17348000,0.285375884191,3212000.0,17348000,0.285375884191,2516000.0,14832000,0.243987497944,0.37443,0.37443,39612000,39612000,https://www.sec.gov/Archives/edgar/data/712771/000120677420002378/0001206774-20-002378-index.htm,https://www.sec.gov/Archives/edgar/data/712771/000120677420002378/cnob3782101-10q.htm
0,2020-03-31,CNOB,2020-05-08,2020-05-08 16:30:05,Q1,58135000,21433000,36702000,0.631323643244173,0.0,51058000,304000.0,30000.0,72491000,14533000,21433000,1601000.0,30111000,0.137768853675,7077000.0,0.128018668259,1287000.0,7077000.0,0.128018668259,1047000.0,6030000.0,0.109079068758,0.1526,0.1526,39516000,39516000,https://www.sec.gov/Archives/edgar/data/712771/000120677420001594/0001206774-20-001594-index.htm,https://www.sec.gov/Archives/edgar/data/712771/000120677420001594/cob3755771-10q.htm
0,2019-12-31,CNOB,2020-03-02 00:00:00,2020-03-02 16:54:49,Q4,49677000,20577000,49677000,1.0,0.0,22697000,0.0,0.0,43274000,12853000,20577000,1059999.9999999995,48617000,0.566085471527,26980000,0.568826295039,0.0,26980000,0.568826295039,6197000.0,20783000,0.438173346546,0.59272,0.59272,35064000,35064000,https://www.sec.gov/Archives/edgar/data/712771/000120677420000674/0001206774-20-000674-index.html,https://www.sec.gov/Archives/edgar/data/712771/000120677420000674/cob3663101-10k.htm
0,2019-09-30,CNOB,2019-11-06 00:00:00,2019-11-06 13:00:51,Q3,50515000,21983000,50515000,1.0,0.0,22379000,0.0,0.0,44362000,12420000,21983000,1076000.0000000002,51195000,0.705842250961,28136000,0.746395074991,0.0,28136000,0.581250258232,6440000.0,21696000,0.448208899723,0.61526,0.61526,35263000,35263000,https://www.sec.gov/Archives/edgar/data/712771/000120677419003667/0001206774-19-003667-index.html,https://www.sec.gov/Archives/edgar/data/712771/000120677419003667/cob3655961-10q.htm
0,2019-06-30,CNOB,2019-08-07,2019-08-07 09:15:54,Q2,94162000,42605000,51557000,0.5475350990845564,0.0,55252000,397000.0,28000.0,97857000,11794000,42605000,1147000.0,82662000,0.449242257852,38910000,0.423479024819,914000.0,38910000,0.544300461234,7994000.0,30916000,0.423479024819,0.87584,0.87584,35298500,35298500,https://www.sec.gov/Archives/edgar/data/712771/000120677419002531/0001206774-19-002531-index.htm,https://www.sec.gov/Archives/edgar/data/712771/000120677419002531/cob3621861-10q.htm
0,2019-03-31,CNOB,2019-05-07,2019-05-07 13:54:32,Q1,46690000,20257000,26433000,0.5661383593917327,0.0,32562000,210000.0,29000.0,52819000,11954000,20257000,1178000.0,35563000,0.285571276028,14128000,0.258831642641,786000.0,14128000,743.578947368421,2493000.0,11635000,0.258831642641,0.32883,0.32883,35382500,35382500,https://www.sec.gov/Archives/edgar/data/712771/000120677419001664/0001206774-19-001664-index.htm,https://www.sec.gov/Archives/edgar/data/712771/000120677419000612/cob3529071-10k.htm
0,2018-12-31,CNOB,2019-02-28,2019-02-27 17:47:55,Q4,41676000,17062000,24614000,0.5906037047701315,0.0,19366000,244000.0,7000.0,36428000,9981000.0,17062000,889000.0,41669000,0.488633251164,22310000,0.464928662135,691000.0,22310000,0.555514055925,5046000.0,18672000,0.464928662135,0.56707,0.56707,32927000,32927000,https://www.sec.gov/Archives/edgar/data/712771/000120677419000612/0001206774-19-000612-index.htm,https://www.sec.gov/Archives/edgar/data/712771/000120677419000612/cob3529071-10k.htm
0,2018-09-30,CNOB,2018-11-02,2018-11-02 14:42:05,Q3,41390000,15390000,26000000,0.6281710558105823,0.0,19390000,192000.0,7000.0,34780000,10174000,15390000,999999.9999999998,38390000,0.52372253641,22000000,0.498023121966,676000.0,22000000,0.550623091937,2100000.0,19900000,0.498023121966,0.61572,0.61572,32320000,32320000,https://www.sec.gov/Archives/edgar/data/712771/000120677418003093/0001206774-18-003093-index.htm,https://www.sec.gov/Archives/edgar/data/712771/000120677418003093/connect3491721-10q.htm
0,2018-06-30,CNOB,2018-08-07,2018-08-07 17:07:46,Q2,40290000,14140000,26150000,0.6490444278977414,0.0,18160000,337000.0,7000.0,32300000,9729000.0,14140000,799999.9999999999,37070000,0.47603029914,22130000,0.450044935165,601000.0,22130000,0.568108871485,4600000.0,17530000,0.450044935165,0.54239,0.54239,32320000,32320000,https://www.sec.gov/Archives/edgar/data/712771/000120677418002318/0001206774-18-002318-index.htm,https://www.sec.gov/Archives/edgar/data/712771/000120677418002318/connect3450701-10q.htm
0,2018-03-31,CNOB,2018-05-04,2018-05-04 17:07:42,Q1,39560000,12330000,27230000,0.6883215369059656,0.0,34860000,207000.0,7000.0,47190000,9672000.0,12330000,1000000.0,18020000,0.138438147168,4700000.0,0.111437334522,616000.0,4700000.0,276.1764705882353,440000.0,4250000.0,0.111437334522,0.13158,0.13158,32300000,32300000,https://www.sec.gov/Archives/edgar/data/712771/000120677418001574/0001206774-18-001574-index.htm,https://www.sec.gov/Archives/edgar/data/712771/000120677418000703/connect3375901-10k.htm
0,2017-12-31,CNOB,2018-03-06,2018-03-06 15:42:26,Q4,41830000,10400000,31430000,0.7513746115228305,0.0,18570000,226000.0,7265000.0,28970000,9418000.0,10400000,900000.0000000002,28940000,0.293935892283,23270000,0.265775723473,657000.0,23270000,0.584455385852,7060000.0,10580000,0.265775723473,0.32604,0.32604,32450000,32450000,https://www.sec.gov/Archives/edgar/data/712771/000120677418000703/0001206774-18-000703-index.htm,https://www.sec.gov/Archives/edgar/data/712771/000120677418000703/connect3375901-10k.htm
0,2017-09-30,CNOB,2017-11-03,2017-11-03 15:03:34,Q3,38780000,9320000.0,29460000,0.7596699329551315,0.0,20090000,225000.0,5402000.0,29410000,8872000.0,9320000.0,1100000.0,29110000,0.379858991329,18680000,0.353251033253,721000.0,18680000,0.504713795618,5610000.0,13080000,0.353251033253,0.40646,0.40646,32180000,32180000,https://www.sec.gov/Archives/edgar/data/712771/000120677417003077/0001206774-17-003077-index.htm,https://www.sec.gov/Archives/edgar/data/712771/000120677417003077/connect3318581-10q.htm
0,2017-06-30,CNOB,2017-08-04,2017-08-04 14:48:05,Q2,36520000,8590000.0,27930000,0.7647864184008762,0.0,26750000,289000.0,3752000.0,35340000,8632000.0,8590000.0,899999.9999999999,19260000,0.246403236375,9770000.0,0.218882652916,659000.0,9770000.0,0.278339648443,2090000.0,7680000.0,0.218882652916,0.23807,0.23807,32260000,32260000,https://www.sec.gov/Archives/edgar/data/712771/000120677417002299/0001206774-17-002299-index.htm,https://www.sec.gov/Archives/edgar/data/712771/000120677417002299/cob3278611-10q.htm
0,2017-03-31,CNOB,2017-05-05,2017-05-05 14:42:37,Q1,36140000,7940000.0,28200000,0.7802988378527946,0.0,19350000,256000.0,1977000.0,27290000,8206000.0,7940000.0,1000000.0,25730000,0.387676895688,16790000,0.358468362451,643000.0,16790000,10.522556390977444,4910000.0,11880000,0.358468362451,0.36849,0.36849,32240000,32240000,https://www.sec.gov/Archives/edgar/data/712771/000120677417001571/0001206774-17-001571-index.htm,https://www.sec.gov/Archives/edgar/data/712771/000120677417000784/connect3203971-10k.htm
0,2016-12-31,CNOB,2017-03-10,2017-03-10 17:10:14,Q4,34980000,8090000.0,26890000,0.7687249857061178,0.0,40450000,223000.0,6986000.0,48540000,7887000.0,8090000.0,800000.0000000002,3420000.0,10.314359943316013,-5470000.0,10.122342938119981,720000.0,-5470000.0,10.122342938119981,-3450000.0,-2020000.0,7.341048653755314,-0.06514,-0.06514,31010000,31010000,https://www.sec.gov/Archives/edgar/data/712771/000120677417000784/0001206774-17-000784-index.htm,https://www.sec.gov/Archives/edgar/data/712771/000120677417000784/connect3203971-10k.htm
0,2016-09-30,CNOB,2016-11-07,2016-11-07 14:42:52,Q3,38600000,8150000.0,30450000,0.788860103626943,0.0,21300000,294000.0,1811000.0,29450000,7790000.0,8150000.0,1000000.0,26450000,0.388656734496,17300000,0.359011627907,707000.0,17300000,0.523831153101,5440000.0,11860000,0.359011627907,0.39013,0.39013,30400000,30400000,https://www.sec.gov/Archives/edgar/data/712771/000120677416007523/0001206774-16-007523-index.htm,https://www.sec.gov/Archives/edgar/data/712771/000120677416007523/connectone3145151-10q.htm
0,2016-06-30,CNOB,2016-08-05,2016-08-05 13:49:01,Q2,33960000,7640000.0,26320000,0.7750294464075382,0.0,18100000,339000.0,1563000.0,25740000,7754000.0,7640000.0,800000.0,24300000,0.227202568377,15860000,0.187719948139,762000.0,15860000,0.489658578749,5000000.0,10860000,0.335216398098,0.35794,0.35794,30340000,30340000,https://www.sec.gov/Archives/edgar/data/712771/000120677416006718/0001206774-16-006718-index.htm,https://www.sec.gov/Archives/edgar/data/712771/000120677416006718/connect3113821_4-10q.htm
0,2016-03-31,CNOB,2016-05-06,2016-05-06 15:00:54,Q1,32520000,7210000.0,25310000,0.778290282902829,0.0,17350000,184000.0,1776000.0,24560000,7599000.0,7210000.0,899999.9999999999,23280000,0.498786717752,15170000,0.48432311622,515000.0,15170000,0.48432311622,4780000.0,10390000,0.331768837803,0.34347,0.34347,30250000,30250000,https://www.sec.gov/Archives/edgar/data/712771/000120677416005878/0001206774-16-005878-index.htm,https://www.sec.gov/Archives/edgar/data/712771/000120677416004799/connectone_10k.htm
0,2015-12-31,CNOB,2016-03-04,2016-03-04 16:55:06,Q4,32820000,6770000.0,26050000,0.7937233394271785,0.0,18640000,0.0,0.0,25410000,7205000.0,6770000.0,799999.9999999999,21760000,0.936006041502,14190000,0.96841344891,0.0,14190000,0.465753874442,4620000.0,9570000.0,0.314158129761,0.31574,0.31574,30310000,30310000,https://www.sec.gov/Archives/edgar/data/712771/000120677416004799/0001206774-16-004799-index.htm,https://www.sec.gov/Archives/edgar/data/712771/000120677416004799/connectone_10k.htm
0,2015-09-30,CNOB,2015-11-09,2015-11-09 16:40:52,Q3,33550000,6460000.0,27090000,0.807451564828614,0.0,17480000,247000.0,1688000.0,23940000,6905000.0,6460000.0,799999.9999999998,23330000,0.391765062065,16070000,0.364718942376,1224000.0,16070000,0.54058599926,5230000.0,10840000,0.364718942376,0.35728,0.35728,30340000,30340000,https://www.sec.gov/Archives/edgar/data/712771/000093041315004241/0000930413-15-004241-index.htm,https://www.sec.gov/Archives/edgar/data/712771/000093041315004241/c82943_10q.htm
0,2015-06-30,CNOB,2015-08-07,2015-08-07 16:04:16,Q2,32120000,5500000.0,26620000,0.8287671232876712,0.0,16520000,193000.0,1423000.0,22020000,6947000.0,5500000.0,600000.0000000001,21690000,0.386986540205,15590000,0.366901457563,458000.0,15590000,0.543657158798,5070000.0,10520000,0.366901457563,0.348,0.348,30230000,30230000,https://www.sec.gov/Archives/edgar/data/712771/000093041315003271/0000930413-15-003271-index.htm,https://www.sec.gov/Archives/edgar/data/712771/000093041315003271/c82136_10q.htm
0,2015-03-31,CNOB,2015-05-08,2015-05-08 09:05:44,Q1,29850000,5080000.0,24770000,0.8298157453936349,0.0,14460000,194000.0,1532000.0,19540000,6628000.0,5080000.0,1000000.0,21470000,0.403612328573,15390000,0.366852820585,463000.0,15390000,30.41699604743083,5010000.0,10380000,0.366852820585,0.34428,0.34428,30150000,30150000,https://www.sec.gov/Archives/edgar/data/712771/000093041315002370/0000930413-15-002370-index.htm,https://www.sec.gov/Archives/edgar/data/712771/000093041315001218/c80542_10k.htm
0,2014-12-31,CNOB,2015-03-13,2015-03-13 16:35:41,Q4,30660000,4550000.0,26110000,0.8515981735159818,0.0,17630000,222000.0,1465000.0,22180000,5676000.0,4550000.0,300000.00000000006,17860000,0.226250043738,13020000,0.145981314952,2491000.0,13020000,0.455474299311,4990000.0,8020000.0,0.280730606389,0.2668,0.2668,30060000,30060000,https://www.sec.gov/Archives/edgar/data/712771/000093041315001218/0000930413-15-001218-index.htm,https://www.sec.gov/Archives/edgar/data/712771/000093041315001218/c80542_10k.htm
0,2014-09-30,CNOB,2014-11-10,2014-11-10 17:11:56,Q3,28720000,4800000.0,23920000,0.8328690807799443,0.0,26700000,209000.0,-11212000,31500000,6637000.0,4800000.0,1299999.9999999998,8120000.0,0.082891583763,2020000.0,0.0733062232227,-3923000.0,2020000.0,0.0733062232227,250000.0,1770000.0,0.064120252705,0.05878,0.05878,30110000,30110000,https://www.sec.gov/Archives/edgar/data/712771/000093041314004508/0000930413-14-004508-index.htm,https://www.sec.gov/Archives/edgar/data/712771/000093041314004508/c79152_10q.htm
0,2014-06-30,CNOB,2014-08-11,2014-08-11 15:48:11,Q2,13390000,2730000.0,10660000,0.7961165048543689,0.0,7020000.0,27000.0,6744000.0,9750000.0,3184000.0,2730000.0,200000.0,9300000.0,0.529910867329,6360000.0,0.545423380185,1724000.0,6360000.0,0.545423380185,1990000.0,4380000.0,0.375214261227,0.26659,0.26659,16430000,16430000,https://www.sec.gov/Archives/edgar/data/712771/000093041314003601/0000930413-14-003601-index.htm,https://www.sec.gov/Archives/edgar/data/712771/000093041314003601/c78390_10q.htm
0,2014-03-31,CNOB,2014-05-12,2014-05-12 17:27:52,Q1,14130000,2730000.0,11400000,0.8067940552016986,0.0,8130000.0,40000.0,7496000.0,10860000,3332000.0,2730000.0,200000.0,8940000.0,0.489061154177,6010000.0,0.517657192076,2521000.0,6010000.0,0.517657192076,1610000.0,4400000.0,0.378811369509,0.2678,0.2678,16430000,16430000,https://www.sec.gov/Archives/edgar/data/712771/000114420414029659/0001144204-14-029659-index.htm,https://www.sec.gov/Archives/edgar/data/712771/000114420414013571/v368956_10k.htm
0,2013-12-31,CNOB,2014-03-05,2014-03-05 17:31:15,Q4,13630000,2780000.0,10850000,0.7960381511371973,0.0,6810000.0,47000.0,-18682000,9590000.0,3393000.0,2780000.0,200000.00000000006,9790000.0,0.539187594809,6810000.0,0.574161469745,1756000.0,6810000.0,0.574161469745,1830000.0,4980000.0,0.420023596831,0.30366,0.30366,16400000,16400000,https://www.sec.gov/Archives/edgar/data/712771/000114420414013571/0001144204-14-013571-index.htm,https://www.sec.gov/Archives/edgar/data/712771/000114420414013571/v368956_10k.htm
0,2013-09-30,CNOB,2013-11-08,2013-11-08 15:30:42,Q3,13260000,2820000.0,10440000,0.7873303167420814,0.0,6210000.0,94000.0,6205000.0,9030000.0,3247000.0,2820000.0,299999.99999999994,10180000,0.550844565774,7060000.0,0.602286299266,1543000.0,7060000.0,0.602286299266,1970000.0,5090000.0,0.434567479952,0.31056,0.31056,16390000,16390000,https://www.sec.gov/Archives/edgar/data/712771/000114420413059931/0001144204-13-059931-index.htm,https://www.sec.gov/Archives/edgar/data/712771/000114420413059931/v358203_10q.htm
0,2013-06-30,CNOB,2013-08-09,2013-08-09 17:28:15,Q2,12940000,2750000.0,10190000,0.7874806800618238,0.0,6080000.0,62000.0,6076000.0,8830000.0,3335000.0,2750000.0,200000.0,9810000.0,0.551567509797,6860000.0,0.610883505522,1707000.0,6860000.0,0.610883505522,1940000.0,4920000.0,0.438457427859,0.29692,0.29692,16570000,16570000,https://www.sec.gov/Archives/edgar/data/712771/000114420413044499/0001144204-13-044499-index.htm,https://www.sec.gov/Archives/edgar/data/712771/000114420413044499/v351048_10q.htm
0,2013-03-31,CNOB,2013-05-09,2013-05-09 14:28:24,Q1,13220000,2730000.0,10490000,0.7934947049924357,0.0,6540000.0,101000.0,6538000.0,9270000.0,3490000.0,2730000.0,200000.0,9600000.0,0.521635883905,6680000.0,0.587247141601,1845000.0,6680000.0,0.587247141601,1750000.0,4920000.0,0.433069481091,0.30055,0.30055,16370000,16370000,https://www.sec.gov/Archives/edgar/data/712771/000114420413027329/0001144204-13-027329-index.htm,https://www.sec.gov/Archives/edgar/data/712771/000114420413014801/v337906_10k.htm
0,2012-12-31,CNOB,2013-03-13,2013-03-13 15:26:16,Q4,12440000,2840000.0,9600000.0,0.7717041800643086,0.0,6290000.0,35000.0,-18854000,9130000.0,3205000.0,2840000.0,200000.00000000006,9190000.0,1.27219401156,6150000.0,0.537996848188,1016000.0,6150000.0,0.537996848188,1680000.0,4470000.0,0.391262475924,0.27323,0.27323,16360000,16360000,https://www.sec.gov/Archives/edgar/data/712771/000114420413014801/0001144204-13-014801-index.htm,https://www.sec.gov/Archives/edgar/data/712771/000114420413014801/v337906_10k.htm
0,2012-09-30,CNOB,2012-11-15,2012-11-15 15:59:03,Q3,13820000,2940000.0,10880000,0.7872648335745297,0.0,7740000.0,64000.0,7507000.0,10680000,3193000.0,2940000.0,299999.99999999994,9320000.0,0.457927210945,6090000.0,0.544218903693,2635000.0,6090000.0,0.544218903693,1630000.0,4450000.0,0.398283108289,0.272,0.272,16360000,16360000,https://www.sec.gov/Archives/edgar/data/712771/000114420412063193/0001144204-12-063193-index.htm,https://www.sec.gov/Archives/edgar/data/712771/000114420412063193/v328539_10q.htm
0,2012-06-30,CNOB,2012-08-08,2012-08-08 15:51:15,Q2,12150000,2950000.0,9200000.0,0.757201646090535,0.0,5580000.0,56000.0,5690000.0,8530000.0,3055000.0,2950000.0,200000.0,9710000.0,0.535748150958,6570000.0,0.622700549972,1604000.0,6570000.0,0.622700549972,2210000.0,4350000.0,0.412763132941,0.26622,0.26622,16340000,16340000,https://www.sec.gov/Archives/edgar/data/712771/000114420412043616/0001144204-12-043616-index.htm,https://www.sec.gov/Archives/edgar/data/712771/000114420412043616/v320536_10q.htm
0,2012-03-31,CNOB,2012-05-09,2012-05-09 15:57:51,Q1,12310000,3050000.0,9260000.0,0.752233956133225,0.0,5920000.0,31000.0,5807000.0,8970000.0,3118000.0,3050000.0,200000.0,9640000.0,0.520541324311,6390000.0,0.617303044949,1955000.0,6390000.0,0.617303044949,2160000.0,4230000.0,0.408989850169,0.25887,0.25887,16340000,16340000,https://www.sec.gov/Archives/edgar/data/712771/000114420412027143/0001144204-12-027143-index.htm,https://www.sec.gov/Archives/edgar/data/712771/000114420412014591/v304291_10k.htm
0,2011-12-31,CNOB,2012-03-13,2012-03-13 16:04:54,Q4,12030000,3100000.0,8930000.0,0.742310889443059,0.0,6520000.0,15000.0,-16823000,9620000.0,2909000.0,3100000.0,300000.00000000006,8900000.0,0.465951584334,5510000.0,0.541822475891,1866000.0,5510000.0,0.541822475891,1880000.0,3620000.0,0.356425900413,0.22168,0.22168,16330000,16330000,https://www.sec.gov/Archives/edgar/data/712771/000114420412014591/0001144204-12-014591-index.htm,https://www.sec.gov/Archives/edgar/data/712771/000114420412014591/v304291_10k.htm
0,2011-09-30,CNOB,2011-11-09,2011-11-09 16:40:59,Q3,12130000,3070000.0,9060000.0,0.7469084913437758,0.0,6550000.0,30000.0,5529000.0,9620000.0,2848000.0,3070000.0,199999.99999999997,8850000.0,0.495228426396,5580000.0,0.566903553299,2283000.0,5580000.0,0.566903553299,1880000.0,3700000.0,0.375837563452,0.22685,0.22685,16310000,16310000,https://www.sec.gov/Archives/edgar/data/712771/000114420411062577/0001144204-11-062577-index.htm,https://www.sec.gov/Archives/edgar/data/712771/000114420411062577/v239781_10q.htm
0,2011-06-30,CNOB,2011-08-09,2011-08-09 16:23:58,Q2,11520000,3090000.0,8430000.0,0.7317708333333334,0.0,6010000.0,65000.0,5757000.0,9100000.0,65000.0,3090000.0,300000.0,8900000.0,-94.7338282078473,5520000.0,5.8515376458112405,1732000.0,5520000.0,0.216758294597,1930000.0,3580000.0,0.067314631968,0.21936,0.21936,16320000,16320000,https://www.sec.gov/Archives/edgar/data/712771/000114420411044943/0001144204-11-044943-index.htm,https://www.sec.gov/Archives/edgar/data/712771/000114420411044943/v231126_10q.htm
0,2011-03-31,CNOB,2011-05-10,2011-05-10 14:17:02,Q1,11550000,2920000.0,8630000.0,0.7471861471861472,0.0,6820000.0,21000.0,5935000.0,9740000.0,21000.0,2920000.0,200000.0,7850000.0,6.718931475029036,4730000.0,5.492450638792103,1597000.0,4730000.0,5.492450638792103,1710000.0,3020000.0,3.505226480836237,0.18528,0.18528,16300000,16300000,https://www.sec.gov/Archives/edgar/data/712771/000114420411027561/0001144204-11-027561-index.htm,https://www.sec.gov/Archives/edgar/data/712771/000114420411015184/v214431_10k.htm
0,2010-12-31,CNOB,2011-03-16,2011-03-16 15:16:00,Q4,9680000.0,3140000.0,6540000.0,0.6756198347107438,0.0,8050000.0,34000.0,5998000.0,11190000,34000.0,3140000.0,299999.99999999994,5080000.0,-1.8111254851228977,1640000.0,0.0,0.0,1640000.0,0.0,-930000.0,2570000.0,3.3247089262613194,0.15777,0.15777,16290000,16290000,https://www.sec.gov/Archives/edgar/data/712771/000114420411015184/0001144204-11-015184-index.htm,https://www.sec.gov/Archives/edgar/data/712771/000114420411015184/v214431_10k.htm
0,2010-09-30,CNOB,2010-11-09,2010-11-09 11:04:05,Q3,10520000,3650000.0,6870000.0,0.653041825095057,0.0,6750000.0,37000.0,5441000.0,10400000,37000.0,3650000.0,300000.00000000006,7720000.0,0.7651515151515151,3770000.0,0.0,4344000.0,3770000.0,0.0,1630000.0,2140000.0,2.0255681818181817,0.14608,0.14608,14650000,14650000,https://www.sec.gov/Archives/edgar/data/712771/000114420410058480/0001144204-10-058480-index.htm,https://www.sec.gov/Archives/edgar/data/712771/000114420410058480/v201211_10q.htm
0,2010-06-30,CNOB,2010-08-06,2010-08-06 12:43:13,Q2,10140000,3830000.0,6310000.0,0.6222879684418146,0.0,7050000.0,104000.0,6268000.0,10880000,104000.0,3830000.0,300000.0,7220000.0,0.2055800293685756,3090000.0,0.0,1482000.0,3090000.0,0.0,1080000.0,2010000.0,1.4787077826725403,0.13786,0.13786,14580000,14580000,https://www.sec.gov/Archives/edgar/data/712771/000114420410041814/0001144204-10-041814-index.htm,https://www.sec.gov/Archives/edgar/data/712771/000114420410041814/v192732_10q.htm
0,2010-03-31,CNOB,2010-05-10,2010-05-10 14:43:58,Q1,6060000.0,4160000.0,1900000.0,0.31353135313531355,0.0,7330000.0,93000.0,6392000.0,11490000,93000.0,4160000.0,300000.0,3190000.0,3.526768642447419,-1270000.0,3.22848948374761,-2449000.0,-1270000.0,3.22848948374761,-1550000.0,280000.0,0.26864244741873805,0.0192,0.0192,14580000,14580000,https://www.sec.gov/Archives/edgar/data/712771/000114420410025662/0001144204-10-025662-index.htm,https://www.sec.gov/Archives/edgar/data/712771/000114420410013727/v177234_10k.htm
0,2009-12-31,CNOB,2010-03-16,2010-03-16 13:29:37,Q4,7680000.0,4950000.0,2730000.0,0.35546875,0.0,7980000.0,20000.0,5238000.0,12930000,20000.0,4950000.0,399999.9999999999,5050000.0,2.343884892086331,-300000.0,3.129496402877698,4350000.0,-300000.0,3.129496402877698,-540000.0,240000.0,0.7467625899280576,0.01652,0.01652,14530000,14530000,https://www.sec.gov/Archives/edgar/data/712771/000114420410013727/0001144204-10-013727-index.htm,https://www.sec.gov/Archives/edgar/data/712771/000114420410013727/v177234_10k.htm
0,2009-09-30,CNOB,2009-11-09,2009-11-09 16:34:44,Q3,7750000.0,6050000.0,1700000.0,0.21935483870967742,0.0,5470000.0,75000.0,5186000.0,11520000,75000.0,6050000.0,400000.0000000001,8740000.0,-0.570230607966457,2290000.0,-0.6747529200359389,-3457000.0,2290000.0,-0.6747529200359389,750000.0,1540000.0,0.45971847858640313,0.14366,0.14366,10720000,10720000,https://www.sec.gov/Archives/edgar/data/712771/000114420409057489/0001144204-09-057489-index.htm,https://www.sec.gov/Archives/edgar/data/712771/000114420409057489/v165247_10q.htm
0,2009-06-30,CNOB,2009-08-10,2009-08-10 16:32:47,Q2,9180000.0,6080000.0,3100000.0,0.33769063180827885,0.0,7470000.0,141000.0,12633000,13550000,271000.0,6080000.0,299999.99999999994,8090000.0,0.1614985046434755,1710000.0,0.13442468125295137,2551000.0,1710000.0,0.13442468125295137,510000.0,1200000.0,0.0945222729419172,0.09139,0.09139,13130000,13130000,https://www.sec.gov/Archives/edgar/data/712771/000114420409041660/0001144204-09-041660-index.htm,https://www.sec.gov/Archives/edgar/data/712771/000114420409041660/v156968_10-q.htm
0,2009-03-31,CNOB,2009-05-11,2009-05-11 16:16:26,Q1,7760000.0,5560000.0,2200000.0,0.28350515463917525,0.0,6740000.0,130000.0,5319000.0,12300000,130000.0,5560000.0,400000.0,6980000.0,0.11907553173672751,1020000.0,0.08566404287389047,1384000.0,1020000.0,0.08566404287389047,220000.0,800000.0,0.06690671579299949,0.06159,0.06159,12990000,12990000,https://www.sec.gov/Archives/edgar/data/712771/000114420409025382/0001144204-09-025382-index.htm,https://www.sec.gov/Archives/edgar/data/712771/000114420409014213/v142676_10k.htm
0,2008-12-31,CNOB,2009-03-16,2009-03-16 15:30:50,Q4,7440000.0,5790000.0,1650000.0,0.2217741935483871,0.0,5180000.0,144000.0,19473000,10970000,637000.0,5790000.0,400000.0000000001,8450000.0,0.2167261196987713,2260000.0,0.17907253269916765,2337000.0,2260000.0,0.17907253269916765,560000.0,1700000.0,0.1346809353943718,0.13077,0.13077,13000000,13000000,https://www.sec.gov/Archives/edgar/data/712771/000114420409014213/0001144204-09-014213-index.htm,https://www.sec.gov/Archives/edgar/data/712771/000114420409014213/v142676_10k.htm
0,2008-09-30,CNOB,2008-11-10,2008-11-10 14:43:26,Q3,6910000.0,5830000.0,1080000.0,0.15629522431259044,0.0,5050000.0,145000.0,14719000,10880000,493000.0,5830000.0,499999.9999999999,8200000.0,0.18677594767121128,1860000.0,0.14689888880132398,96000.0,1860000.0,0.14689888880132398,350000.0,1520000.0,0.11963117660966191,0.11446,0.11446,13280000,13280000,https://www.sec.gov/Archives/edgar/data/712771/000114420408062266/0001144204-08-062266-index.htm,https://www.sec.gov/Archives/edgar/data/712771/000114420408062266/v131217_10q.htm
0,2008-06-30,CNOB,2008-08-11,2008-08-11 15:15:50,Q2,7550000.0,5800000.0,1750000.0,0.23178807947019867,0.0,5710000.0,188000.0,10141000,11510000,348000.0,5800000.0,500000.0,8140000.0,0.18626328699918235,1840000.0,0.15012264922322158,113000.0,1840000.0,0.15012264922322158,430000.0,1410000.0,0.11512673753066231,0.1078,0.1078,13080000,13080000,https://www.sec.gov/Archives/edgar/data/712771/000114420408045251/0001144204-08-045251-index.htm,https://www.sec.gov/Archives/edgar/data/712771/000114420408045251/v122635_10q.htm
0,2008-03-31,CNOB,2008-05-12,2008-05-12 16:44:41,Q1,6560000.0,6670000.0,-110000.0,-0.01676829268292683,0.0,5100000.0,160000.0,4953000.0,11770000,160000.0,6670000.0,400000.0,8520000.0,0.15040453074433657,1450000.0,0.11731391585760517,98000.0,1450000.0,0.11731391585760517,230000.0,1220000.0,0.09846278317152103,0.09271,0.09271,13160000,13160000,https://www.sec.gov/Archives/edgar/data/712771/000114420408027780/0001144204-08-027780-index.htm,https://www.sec.gov/Archives/edgar/data/712771/000114420408015658/v106750_10k.htm
0,2007-12-31,CNOB,2008-03-17,2008-03-17 13:42:16,Q4,6040000.0,7630000.0,-1590000.0,-0.2632450331125828,0.0,6180000.0,179000.0,24598000,13810000,603000.0,7630000.0,399999.9999999999,7890000.0,0.023052277877627567,-140000.0,-0.010783777447839338,125000.0,-140000.0,-0.010783777447839338,-670000.0,530000.0,0.04157224349456904,0.03935,0.03935,13470000,13470000,https://www.sec.gov/Archives/edgar/data/712771/000114420408015658/0001144204-08-015658-index.htm,https://www.sec.gov/Archives/edgar/data/712771/000114420408015658/v106750_10k.htm
0,2007-09-30,CNOB,2007-11-09,2007-11-09 16:20:23,Q3,6390000.0,7460000.0,-1070000.0,-0.1674491392801252,0.0,6180000.0,152000.0,18564000,13640000,424000.0,7460000.0,500000.0,8170000.0,0.049783549783549784,210000.0,0.016388373531230675,105000.0,210000.0,0.016388373531230675,-790000.0,1000000.0,0.07714904143475572,0.07174,0.07174,13940000,13940000,https://www.sec.gov/Archives/edgar/data/712771/000114420407059804/0001144204-07-059804-index.htm,https://www.sec.gov/Archives/edgar/data/712771/000114420407059804/v093165_10q.htm
0,2007-06-30,CNOB,2007-08-09,2007-08-09 16:12:05,Q2,6410000.0,7720000.0,-1310000.0,-0.20436817472698907,0.0,6160000.0,109000.0,12484000,13880000,272000.0,7720000.0,400000.0,8370000.0,0.051297898640296664,250000.0,0.019004944375772558,110000.0,250000.0,0.019004944375772558,-770000.0,1020000.0,0.07856922126081582,0.07307,0.07307,13960000,13960000,https://www.sec.gov/Archives/edgar/data/712771/000114420407041611/0001144204-07-041611-index.htm,https://www.sec.gov/Archives/edgar/data/712771/000114420407041611/v083608-10q.htm
0,2007-03-31,CNOB,2007-05-10,2007-05-10 15:41:16,Q1,7030000.0,7830000.0,-800000.0,-0.11379800853485064,0.0,6430000.0,163000.0,6428000.0,14260000,163000.0,7830000.0,400000.0,8830000.0,0.07582515611061552,600000.0,0.04482604817127565,117000.0,600000.0,0.04482604817127565,-710000.0,1310000.0,0.0973089503419566,0.09364,0.09364,13990000,13990000,https://www.sec.gov/Archives/edgar/data/712771/000114420407024051/0001144204-07-024051-index.htm,https://www.sec.gov/Archives/edgar/data/712771/000114420407012947/v06771410k.htm
0,2006-12-31,CNOB,2007-03-15,2007-03-15 17:21:55,Q4,7310000.0,7720000.0,-410000.0,-0.0560875512995896,0.0,6720000.0,266000.0,24358000,14440000,731000.0,7720000.0,599999.9999999999,8910000.0,0.0825626491646778,600000.0,0.04445107398568019,145000.0,600000.0,0.04445107398568019,-1700000.0,2290000.0,0.17086813842482101,0.16381,0.16381,13980000,13980000,https://www.sec.gov/Archives/edgar/data/712771/000114420407012947/0001144204-07-012947-index.htm,https://www.sec.gov/Archives/edgar/data/712771/000114420407012947/v06771410k.htm
0,2006-09-30,CNOB,2006-11-09,2006-11-08 19:18:42,Q3,6960000.0,7680000.0,-720000.0,-0.10344827586206896,0.0,5740000.0,164000.0,17702000,13420000,465000.0,7680000.0,400000.0,9300000.0,0.12338615023474178,1220000.0,0.0897887323943662,99000.0,1220000.0,0.0897887323943662,-80000.0,1300000.0,0.09551056338028169,0.09292,0.09292,13990000,13990000,https://www.sec.gov/Archives/edgar/data/712771/000114420406046026/0001144204-06-046026-index.htm,https://www.sec.gov/Archives/edgar/data/712771/000114420406046026/v05688110q.htm
0,2006-06-30,CNOB,2006-08-09,2006-08-09 14:45:35,Q2,7180000.0,6750000.0,430000.0,0.05988857938718663,0.0,5770000.0,187000.0,11967000,12520000,301000.0,6750000.0,500000.0,8660000.0,0.14302129615443543,1420000.0,0.10839589397885706,91000.0,1420000.0,0.10839589397885706,40000.0,1370000.0,0.10510188447985291,0.09772,0.09772,14020000,14020000,https://www.sec.gov/Archives/edgar/data/712771/000114420406031784/0001144204-06-031784-index.htm,https://www.sec.gov/Archives/edgar/data/712771/000114420406031784/v04930210q.htm
0,2006-03-31,CNOB,2006-05-10,2006-05-10 13:47:18,Q1,3530000.0,6830000.0,-3300000.0,-0.9348441926345609,0.0,6200000.0,114000.0,6201000.0,13030000,114000.0,6830000.0,400000.0,4560000.0,-0.16892147229990176,-2670000.0,-0.20149648552641525,119000.0,-2670000.0,-0.20149648552641525,-1600000.0,-1070000.0,-0.0806439422568211,-0.07583,-0.07583,14110000,14110000,https://www.sec.gov/Archives/edgar/data/712771/000114420406019205/0001144204-06-019205-index.htm,https://www.sec.gov/Archives/edgar/data/712771/000114420406010014/v03662510k.htm
0,2005-12-31,CNOB,2006-03-15,2006-03-15 15:26:05,Q4,7590000.0,6850000.0,740000.0,0.09749670619235837,0.0,5510000.0,129000.0,22213000,12360000,644000.0,6850000.0,500000.0,9420000.0,0.18707832208858902,2070000.0,0.15195071868583163,141000.0,2070000.0,0.15195071868583163,140000.0,1930000.0,0.14168377823408623,0.13649,0.13649,14140000,14140000,https://www.sec.gov/Archives/edgar/data/712771/000114420406010014/0001144204-06-010014-index.htm,https://www.sec.gov/Archives/edgar/data/712771/000114420406010014/v03662510k.htm
0,2005-09-30,CNOB,2005-11-09,2005-11-09 14:53:17,Q3,8460000.0,6420000.0,2040000.0,0.24113475177304963,0.0,5940000.0,183000.0,16699000,12360000,515000.0,6420000.0,400000.0,9340000.0,0.2218211286282599,2510000.0,0.18520701340798584,235000.0,2510000.0,0.18520701340798584,480000.0,2040000.0,0.14999263297480478,0.14417,0.14417,14150000,14150000,https://www.sec.gov/Archives/edgar/data/712771/000114420405034526/0001144204-05-034526-index.htm,https://www.sec.gov/Archives/edgar/data/712771/000114420405034526/v02855710qb.htm
0,2005-06-30,CNOB,2005-08-09,2005-08-09 14:52:22,Q2,7760000.0,5490000.0,2270000.0,0.2925257731958763,0.0,5420000.0,160000.0,10762000,10910000,332000.0,5490000.0,500000.0,8330000.0,0.22582475480262626,2340000.0,0.18967334035827185,160000.0,2340000.0,0.18967334035827185,410000.0,1930000.0,0.15668314825322202,0.16696,0.16696,11560000,11560000,https://www.sec.gov/Archives/edgar/data/712771/000114420405024208/0001144204-05-024208-index.htm,https://www.sec.gov/Archives/edgar/data/712771/000114420405024208/v023100_10-q.htm
0,2005-03-31,CNOB,2005-05-10,2005-05-10 15:03:16,Q1,7250000.0,4540000.0,2710000.0,0.3737931034482759,0.0,5340000.0,172000.0,5339000.0,9880000.0,172000.0,4540000.0,400000.0,6850000.0,0.21075209930631617,1900000.0,0.17378605330412558,95000.0,1900000.0,0.17378605330412558,160000.0,1750000.0,0.15927345746622856,0.15909,0.15909,11000000,11000000,https://www.sec.gov/Archives/edgar/data/712771/000114420405014616/0001144204-05-014616-index.htm,https://www.sec.gov/Archives/edgar/data/712771/000114420405014616/centerbancorp10q.htm
0,2004-12-31,CNOB,,Not found...,Q4,7460000.0,4020000.0,7460000.0,1.0,0.0,4970000.0,0.0,0.0,8990000.0,0.0,4020000.0,500000.0,7010000.0,0.0,2490000.0,0.0,0.0,2490000.0,0.0,390000.0,2100000.0,0.0,0.19126,0.19126,10980000,10980000,,
0,2004-09-30,CNOB,,,Q3,7430000.0,3530000.0,7430000.0,1.0,0.0,4960000.0,0.0,0.0,8490000.0,0.0,3530000.0,300000.00000000006,6310000.0,0.0,2470000.0,0.0,0.0,2470000.0,0.0,460000.0,2020000.0,0.0,0.2018,0.2018,10010000,10010000,,
0,2004-06-30,CNOB,,,Q2,7320000.0,3230000.0,7320000.0,1.0,0.0,5110000.0,0.0,0.0,8340000.0,0.0,3230000.0,400000.0,5840000.0,0.0,2210000.0,0.0,0.0,2210000.0,0.0,430000.0,1780000.0,0.0,0.17871,0.17871,9960000.0,9960000.0,,
0,2004-03-31,CNOB,,,Q1,7260000.0,3190000.0,7260000.0,1.0,0.0,5200000.0,0.0,0.0,8390000.0,0.0,3190000.0,400000.0,5660000.0,0.0,2070000.0,0.0,0.0,2070000.0,0.0,350000.0,1720000.0,0.0,0.16459,0.16459,10450000,10450000,,
0,2003-12-31,CNOB,,,Q4,6820000.0,3170000.0,6820000.0,1.0,0.0,4840000.0,0.0,0.0,8010000.0,0.0,3170000.0,99999.99999999987,5260000.0,0.0,1990000.0,0.0,0.0,1990000.0,0.0,280000.0,1710000.0,0.0,0.16998,0.16998,10060000,10060000,,
0,2003-09-30,CNOB,,,Q3,5870000.0,3110000.0,5870000.0,1.0,0.0,4520000.0,0.0,0.0,7630000.0,0.0,3110000.0,400000.0,4860000.0,0.0,1350000.0,0.0,0.0,1350000.0,0.0,-170000.0,1520000.0,0.0,0.15323,0.15323,9920000.0,9920000.0,,
0,2003-06-30,CNOB,,,Q2,6610000.0,3210000.0,6610000.0,1.0,0.0,4690000.0,0.0,0.0,7900000.0,0.0,3210000.0,500000.0,5630000.0,0.0,1920000.0,0.0,0.0,1920000.0,0.0,410000.0,1510000.0,0.0,0.15253,0.15253,9900000.0,9900000.0,,
0,2003-03-31,CNOB,,,Q1,7140000.0,3240000.0,7140000.0,1.0,0.0,4810000.0,0.0,0.0,8050000.0,0.0,3240000.0,400000.0,5970000.0,0.0,2330000.0,0.0,0.0,2330000.0,0.0,640000.0,1690000.0,0.0,0.17123,0.17123,9870000.0,9870000.0,,
0,2002-12-31,CNOB,,,Q4,6980000.0,3450000.0,6980000.0,1.0,0.0,4430000.0,0.0,0.0,7880000.0,0.0,3450000.0,199999.99999999997,6200000.0,0.0,2550000.0,0.0,0.0,2550000.0,0.0,770000.0,1780000.0,0.0,0.18145,0.18145,9810000.0,9810000.0,,
0,2002-09-30,CNOB,,,Q3,7380000.0,3780000.0,7380000.0,1.0,0.0,4280000.0,0.0,0.0,8060000.0,0.0,3780000.0,500000.0,7380000.0,0.0,3100000.0,0.0,0.0,3100000.0,0.0,1000000.0,2100000.0,0.0,0.21363,0.21363,9830000.0,9830000.0,,
0,2002-06-30,CNOB,2002-08-14 00:00:00,2002-08-14 10:34:39,Q2,7410000.0,3610000.0,7410000.0,1.0,0.0,4310000.0,0.0,0.0,7920000.0,0.0,3610000.0,400000.0,7120000.0,0.0,3100000.0,0.0,0.0,3100000.0,0.0,1020000.0,2090000.0,0.0,0.21327,0.21327,9800000.0,9800000.0,https://www.sec.gov/Archives/edgar/data/712771/000112528202002496/0001125282-02-002496-index.html,https://www.sec.gov/Archives/edgar/data/712771/000112528202002496/b319827_10q.txt
0,2002-03-31,CNOB,2002-05-14 00:00:00,2002-05-14 16:59:08,Q1,7520000.0,3680000.0,7520000.0,1.0,0.0,4550000.0,0.0,0.0,8230000.0,0.0,3680000.0,400000.0,7060000.0,0.0,2970000.0,0.0,0.0,2970000.0,0.0,940000.0,2040000.0,0.0,0.20945,0.20945,9740000.0,9740000.0,https://www.sec.gov/Archives/edgar/data/712771/000112528202001644/0001125282-02-001644-index.html,https://www.sec.gov/Archives/edgar/data/712771/000112528202001644/b318444_10q.txt
0,2001-12-31,CNOB,,,Q4,6770000.0,3580000.0,6770000.0,1.0,0.0,4230000.0,0.0,0.0,7810000.0,0.0,3580000.0,500000.0,6610000.0,0.0,2530000.0,0.0,0.0,2530000.0,0.0,770000.0,1760000.0,0.0,0.18144,0.18144,9700000.0,9700000.0,,
0,2001-09-30,CNOB,2001-11-14 00:00:00,2001-11-14 00:00:00,Q3,6240000.0,3830000.0,6240000.0,1.0,0.0,4020000.0,0.0,0.0,7850000.0,0.0,3830000.0,599999.9999999999,6660000.0,0.0,2220000.0,0.0,0.0,2220000.0,0.0,730000.0,1500000.0,0.0,0.15496,0.15496,9680000.0,9680000.0,https://www.sec.gov/Archives/edgar/data/712771/000112528201502592/0001125282-01-502592-index.html,https://www.sec.gov/Archives/edgar/data/712771/000112528201502592/b314637_10q.txt
0,2001-06-30,CNOB,2001-08-14 00:00:00,2001-08-14 00:00:00,Q2,6080000.0,4210000.0,6080000.0,1.0,0.0,3890000.0,0.0,0.0,8100000.0,0.0,4210000.0,400000.0,6790000.0,0.0,2180000.0,0.0,0.0,2180000.0,0.0,780000.0,1400000.0,0.0,0.14508,0.14508,9650000.0,9650000.0,https://www.sec.gov/Archives/edgar/data/712771/000112528201501623/0001125282-01-501623-index.html,https://www.sec.gov/Archives/edgar/data/712771/000112528201501623/b313156_10q.txt
0,2001-03-31,CNOB,2001-05-15 00:00:00,2001-05-15 00:00:00,Q1,5770000.0,4390000.0,5770000.0,1.0,0.0,3730000.0,0.0,0.0,8120000.0,0.0,4390000.0,400000.0,6840000.0,0.0,2050000.0,0.0,0.0,2050000.0,0.0,690000.0,1360000.0,0.0,0.14152,0.14152,9610000.0,9610000.0,https://www.sec.gov/Archives/edgar/data/712771/000112528201500452/0001125282-01-500452-index.html,https://www.sec.gov/Archives/edgar/data/712771/000112528201500452/b311548_10q.txt
0,2000-12-31,CNOB,,,Q4,5400000.0,4440000.0,5400000.0,1.0,0.0,3380000.0,0.0,0.0,7820000.0,0.0,4440000.0,399999.9999999999,6860000.0,0.0,2020000.0,0.0,0.0,2020000.0,0.0,680000.0,1340000.0,0.0,0.14002,0.14002,9570000.0,9570000.0,,
0,2000-09-30,CNOB,2000-11-13 00:00:00,2000-11-13 00:00:00,Q3,5280000.0,4260000.0,5280000.0,1.0,0.0,3480000.0,0.0,0.0,7740000.0,0.0,4260000.0,400000.0000000001,6450000.0,0.0,1800000.0,0.0,0.0,1800000.0,0.0,550000.0,1240000.0,0.0,0.12903,0.12903,9610000.0,9610000.0,https://www.sec.gov/Archives/edgar/data/712771/000112528200000468/0001125282-00-000468-index.html,https://www.sec.gov/Archives/edgar/data/712771/000112528200000468/0001125282-00-000468-0001.txt
0,2000-06-30,CNOB,2000-08-14 00:00:00,2000-08-14 00:00:00,Q2,5400000.0,3960000.0,5400000.0,1.0,0.0,3570000.0,0.0,0.0,7530000.0,0.0,3960000.0,299999.99999999994,6080000.0,0.0,1820000.0,0.0,0.0,1820000.0,0.0,590000.0,1230000.0,0.0,0.12525,0.12525,9820000.0,9820000.0,https://www.sec.gov/Archives/edgar/data/712771/000095011600001899/0000950116-00-001899-index.html,https://www.sec.gov/Archives/edgar/data/712771/000095011600001899/0000950116-00-001899-0001.txt
0,2000-03-31,CNOB,2000-05-15 00:00:00,2000-05-15 00:00:00,Q1,5040000.0,3530000.0,5040000.0,1.0,0.0,3280000.0,0.0,0.0,6810000.0,0.0,3530000.0,400000.0,5690000.0,0.0,1760000.0,0.0,0.0,1760000.0,0.0,560000.0,1200000.0,0.0,0.12308,0.12308,9750000.0,9750000.0,https://www.sec.gov/Archives/edgar/data/712771/000095011600001224/0000950116-00-001224-index.html,https://www.sec.gov/Archives/edgar/data/712771/0000950116-00-001224.txt
0,1999-12-31,CNOB,,,Q4,5260000.0,3480000.0,5260000.0,1.0,0.0,3540000.0,0.0,0.0,7020000.0,0.0,3480000.0,399999.9999999999,5610000.0,0.0,1730000.0,0.0,0.0,1730000.0,0.0,560000.0,1170000.0,0.0,0.12025,0.12025,9730000.0,9730000.0,,
0,1999-09-30,CNOB,1999-11-15 00:00:00,1999-11-15 00:00:00,Q3,5180000.0,3280000.0,5180000.0,1.0,0.0,3390000.0,0.0,0.0,6670000.0,0.0,3280000.0,400000.0000000001,5470000.0,0.0,1790000.0,0.0,0.0,1790000.0,0.0,630000.0,1160000.0,0.0,0.11922,0.11922,9730000.0,9730000.0,https://www.sec.gov/Archives/edgar/data/712771/000095011699002094/0000950116-99-002094-index.html,https://www.sec.gov/Archives/edgar/data/712771/0000950116-99-002094.txt
0,1999-06-30,CNOB,1999-08-13 00:00:00,1999-08-13 00:00:00,Q2,5110000.0,3090000.0,5110000.0,1.0,0.0,3330000.0,0.0,0.0,6420000.0,0.0,3090000.0,399999.99999999994,5270000.0,0.0,1780000.0,0.0,0.0,1780000.0,0.0,610000.0,1170000.0,0.0,0.12074,0.12074,9690000.0,9690000.0,https://www.sec.gov/Archives/edgar/data/712771/000095011699001531/0000950116-99-001531-index.html,https://www.sec.gov/Archives/edgar/data/712771/0000950116-99-001531.txt
0,1999-03-31,CNOB,,,Q1,4840000.0,2950000.0,4840000.0,1.0,0.0,3150000.0,0.0,0.0,6100000.0,0.0,2950000.0,300000.0,4940000.0,0.0,1690000.0,0.0,0.0,1690000.0,0.0,560000.0,1130000.0,0.0,0.11686,0.11686,9670000.0,9670000.0,,
0,1998-12-31,CNOB,,,Q4,4830000.0,3130000.0,4830000.0,1.0,0.0,3160000.0,0.0,0.0,6290000.0,0.0,3130000.0,399999.9999999999,5200000.0,0.0,1670000.0,0.0,0.0,1670000.0,0.0,570000.0,1100000.0,0.0,0.11375,0.11375,9670000.0,9670000.0,,
0,1998-09-30,CNOB,1998-11-13 00:00:00,1998-11-13 00:00:00,Q3,4610000.0,3410000.0,4610000.0,1.0,0.0,3130000.0,0.0,0.0,6540000.0,0.0,3410000.0,300000.00000000006,5190000.0,0.0,1480000.0,0.0,0.0,1480000.0,0.0,500000.0,980000.0,0.0,0.10166,0.10166,9640000.0,9640000.0,https://www.sec.gov/Archives/edgar/data/712771/000095011698002216/0000950116-98-002216-index.html,https://www.sec.gov/Archives/edgar/data/712771/0000950116-98-002216.txt
0,1998-06-30,CNOB,1998-08-14 00:00:00,1998-08-14 00:00:00,Q2,4360000.0,3580000.0,4360000.0,1.0,0.0,2870000.0,0.0,0.0,6450000.0,0.0,3580000.0,399999.99999999994,5470000.0,0.0,1480000.0,0.0,0.0,1480000.0,0.0,530000.0,960000.0,0.0,0.09969,0.09969,9630000.0,9630000.0,https://www.sec.gov/Archives/edgar/data/712771/000095011698001715/0000950116-98-001715-index.html,https://www.sec.gov/Archives/edgar/data/712771/0000950116-98-001715.txt
0,1998-03-31,CNOB,1998-05-15 00:00:00,1998-05-15 00:00:00,Q1,4280000.0,3470000.0,4280000.0,1.0,0.0,2610000.0,0.0,0.0,6080000.0,0.0,3470000.0,300000.0,5440000.0,0.0,1680000.0,0.0,0.0,1680000.0,0.0,540000.0,1130000.0,0.0,0.11734,0.11734,9630000.0,9630000.0,https://www.sec.gov/Archives/edgar/data/712771/000095011698001129/0000950116-98-001129-index.html,https://www.sec.gov/Archives/edgar/data/712771/0000950116-98-001129.txt
0,1997-12-31,CNOB,,,Q4,4690000.0,3590000.0,4690000.0,1.0,0.0,2540000.0,0.0,0.0,6130000.0,0.0,3590000.0,399999.9999999999,6150000.0,0.0,2160000.0,0.0,0.0,2160000.0,0.0,750000.0,1410000.0,0.0,0.14358,0.14358,9820000.0,9820000.0,,
0,1997-09-30,CNOB,1997-11-13 00:00:00,1997-11-13 00:00:00,Q3,4280000.0,3810000.0,4280000.0,1.0,0.0,2870000.0,0.0,0.0,6680000.0,0.0,3810000.0,400000.0000000001,5620000.0,0.0,1410000.0,0.0,0.0,1410000.0,0.0,490000.0,920000.0,0.0,0.09573,0.09573,9610000.0,9610000.0,https://www.sec.gov/Archives/edgar/data/712771/000095011097001502/0000950110-97-001502-index.html,https://www.sec.gov/Archives/edgar/data/712771/0000950110-97-001502.txt
0,1997-06-30,CNOB,1997-08-14 00:00:00,1997-08-14 00:00:00,Q2,4220000.0,3700000.0,4220000.0,1.0,0.0,2720000.0,0.0,0.0,6420000.0,0.0,3700000.0,299999.99999999994,5500000.0,0.0,1500000.0,0.0,0.0,1500000.0,0.0,550000.0,950000.0,0.0,0.09927,0.09927,9570000.0,9570000.0,https://www.sec.gov/Archives/edgar/data/712771/000095011097001288/0000950110-97-001288-index.html,https://www.sec.gov/Archives/edgar/data/712771/0000950110-97-001288.txt
0,1997-03-31,CNOB,1997-05-15 00:00:00,1997-05-15 00:00:00,Q1,4140000.0,3390000.0,4140000.0,1.0,0.0,2470000.0,0.0,0.0,5860000.0,0.0,3390000.0,400000.0,5460000.0,0.0,1670000.0,0.0,0.0,1670000.0,0.0,430000.0,1240000.0,0.0,0.13066,0.13066,9490000.0,9490000.0,https://www.sec.gov/Archives/edgar/data/712771/000095011097000963/0000950110-97-000963-index.html,https://www.sec.gov/Archives/edgar/data/712771/0000950110-97-000963.txt
0,1996-12-31,CNOB,,,Q4,4080000.0,3170000.0,4080000.0,1.0,0.0,2680000.0,0.0,0.0,5850000.0,0.0,3170000.0,400000.0000000001,4980000.0,0.0,1410000.0,0.0,0.0,1410000.0,0.0,490000.0,920000.0,0.0,0.09746,0.09746,9440000.0,9440000.0,,
0,1996-09-30,CNOB,1996-11-14 00:00:00,1996-11-14 00:00:00,Q3,4210000.0,3240000.0,4210000.0,1.0,0.0,2850000.0,0.0,0.0,6090000.0,0.0,3240000.0,299999.99999999994,4900000.0,0.0,1360000.0,0.0,0.0,1360000.0,0.0,360000.0,1000000.0,0.0,0.10604,0.10604,9430000.0,9430000.0,https://www.sec.gov/Archives/edgar/data/712771/000095011096001407/0000950110-96-001407-index.html,https://www.sec.gov/Archives/edgar/data/712771/0000950110-96-001407.txt
0,1996-06-30,CNOB,1996-08-15 00:00:00,1996-08-15 00:00:00,Q2,3670000.0,2670000.0,3670000.0,1.0,0.0,2250000.0,0.0,0.0,4920000.0,0.0,2670000.0,200000.0,4290000.0,0.0,1420000.0,0.0,0.0,1420000.0,0.0,420000.0,1000000.0,0.0,0.10627,0.10627,9410000.0,9410000.0,https://www.sec.gov/Archives/edgar/data/712771/000095011096000923/0000950110-96-000923-index.html,https://www.sec.gov/Archives/edgar/data/712771/0000950110-96-000923.txt
0,1996-03-31,CNOB,1996-05-13 00:00:00,1996-05-13 00:00:00,Q1,3610000.0,2500000.0,3610000.0,1.0,0.0,1990000.0,0.0,0.0,4490000.0,0.0,2500000.0,200000.0,4310000.0,0.0,1610000.0,0.0,0.0,1610000.0,0.0,370000.0,1240000.0,0.0,0.13191,0.13191,9400000.0,9400000.0,https://www.sec.gov/Archives/edgar/data/712771/000095011096000576/0000950110-96-000576-index.html,https://www.sec.gov/Archives/edgar/data/712771/0000950110-96-000576.txt
0,1995-12-31,CNOB,,,Q4,3600000.0,2300000.0,3600000.0,1.0,0.0,2210000.0,0.0,0.0,4510000.0,0.0,2300000.0,199999.99999999997,3890000.0,0.0,1380000.0,0.0,0.0,1380000.0,0.0,400000.0,990000.0,0.0,0.10577,0.10577,9360000.0,9360000.0,,
