,date,symbol,fillingDate,acceptedDate,period,revenue,costOfRevenue,grossProfit,grossProfitRatio,researchAndDevelopmentExpenses,generalAndAdministrativeExpenses,sellingAndMarketingExpenses,otherExpenses,operatingExpenses,costAndExpenses,interestExpense,depreciationAndAmortization,ebitda,ebitdaratio,operatingIncome,operatingIncomeRatio,totalOtherIncomeExpensesNet,incomeBeforeTax,incomeBeforeTaxRatio,incomeTaxExpense,netIncome,netIncomeRatio,eps,epsdiluted,weightedAverageShsOut,weightedAverageShsOutDil,link,finalLink
0,2020-09-30,CARV,2020-11-16,2020-11-16 16:12:33,Q2,5072000.0,0.0,5072000.0,1.0,0.0,0.0,0.0,0.0,0.0,0.0,-1198000.0,-446000.0,-1255000.0,-0.24743690851735015,-809000.0,-0.1595031545741325,0.0,-809000.0,-0.1595031545741325,0.0,-809000.0,-0.1595031545741325,-0.21864392121251433,-0.21864392121251433,3700080.0,3700080.0,https://www.sec.gov/Archives/edgar/data/1016178/000101617820000034/0001016178-20-000034-index.htm,https://www.sec.gov/Archives/edgar/data/1016178/000101617820000034/carv-20200930.htm
0,2020-06-30,CARV,2020-08-06 00:00:00,2020-08-06 16:44:28,Q1,5229000.0,0.0,5229000.0,1.0,0.0,6041000.0,0.0,0.0,7283000.0,112000.0,1242000.0,262000.0,692000.0,-0.203045685279,-812000.0,-0.228990411732,0.0,-812000.0,-0.228990411732,0.0,-812000.0,-0.228990411732,-0.21945,-0.21945,3700080.0,3700080.0,https://www.sec.gov/Archives/edgar/data/1016178/000101617820000015/0001016178-20-000015-index.htm,https://www.sec.gov/Archives/edgar/data/1016178/000101617820000015/carv-20200331.htm
0,2020-03-31,CARV,2020-08-06,2020-08-06 16:44:28,Q4,4567000.0,950000.0,3617000.0,0.7919859864243486,97000.0,244000.0,0.0,0.0,341000.0,1291000.0,1311000.0,-22000.0,-1820000.0,-0.460642875221,-1798000.0,-0.455074664642,0.0,-1798000.0,-0.455074664642,0.0,-1798000.0,-0.455074664642,-0.48604,-0.48604,3699278.0,3699278.0,https://www.sec.gov/Archives/edgar/data/1016178/000101617820000015/0001016178-20-000015-index.htm,https://www.sec.gov/Archives/edgar/data/1016178/000101617820000015/carv-20200331.htm
0,2019-12-31,CARV,2020-02-12 00:00:00,2020-02-12 15:32:53,Q3,4994000.0,1463000.0,4994000.0,1.0,0.0,6430000.0,0.0,0.0,7893000.0,105000.0,1463000.0,251999.99999999994,278999.99999999994,-144.68,-1436000.0,-145.0,0.0,-1436000.0,-145.0,0.0,-1436000.0,-145.0,-0.38817,-0.38817,3699410.0,3699410.0,https://www.sec.gov/Archives/edgar/data/1016178/000101617820000007/0001016178-20-000007-index.html,https://www.sec.gov/Archives/edgar/data/1016178/000101617820000007/carv-20191231.htm
0,2019-09-30,CARV,2019-11-13 00:00:00,2019-11-13 16:02:05,Q2,5042000.0,1444000.0,5042000.0,1.0,0.0,6092000.0,0.0,0.0,7536000.0,102000.0,1444000.0,228000.0,622000.0,-58.09090909090909,-1050000.0,-47.72727272727273,0.0,-1050000.0,-47.72727272727273,0.0,-1050000.0,-47.72727272727273,-0.28383,-0.28383,3699380.0,3699380.0,https://www.sec.gov/Archives/edgar/data/1016178/000101617819000021/0001016178-19-000021-index.html,https://www.sec.gov/Archives/edgar/data/1016178/000101617819000021/a20190930-10q.htm
0,2019-06-30,CARV,2019-08-14 00:00:00,2019-08-14 15:31:46,Q1,5132000.0,1413000.0,5132000.0,1.0,0.0,6271000.0,0.0,0.0,7684000.0,108000.0,1413000.0,218000.0,492000.0,-307.0,-1139000.0,-379.6666666666667,0.0,-1139000.0,-379.6666666666667,0.0,-1139000.0,-379.6666666666667,-0.30793,-0.30793,3698900.0,3698900.0,https://www.sec.gov/Archives/edgar/data/1016178/000101617819000015/0001016178-19-000015-index.html,https://www.sec.gov/Archives/edgar/data/1016178/000101617819000015/a20190630-10q.htm
0,2019-03-31,CARV,2019-06-28 00:00:00,2019-06-28 17:30:07,Q4,5327000.0,1445000.0,5327000.0,1.0,0.0,6834000.0,0.0,0.0,8279000.0,945000.0,1445000.0,214000.0000000001,152000.0000000001,-192.72413793103448,-1507000.0,-200.10344827586206,0.0,-1507000.0,-200.10344827586206,33000.0,-1540000.0,-204.68965517241378,-0.41634,-0.41634,3698860.0,3698860.0,https://www.sec.gov/Archives/edgar/data/1016178/000101617819000011/0001016178-19-000011-index.html,https://www.sec.gov/Archives/edgar/data/1016178/000101617819000011/fy201910kdocument.htm
0,2018-12-31,CARV,2019-02-14 00:00:00,2019-02-14 16:48:52,Q3,5423000.0,1470000.0,5423000.0,1.0,0.0,6738000.0,0.0,0.0,8208000.0,906000.0,1470000.0,208999.99999999997,363999.99999999994,-7.162337662337662,-1315000.0,-8.53896103896104,0.0,-1315000.0,-8.53896103896104,34000.0,-1349000.0,-8.75974025974026,-0.36472,-0.36472,3698700.0,3698700.0,https://www.sec.gov/Archives/edgar/data/1016178/000101617819000004/0001016178-19-000004-index.html,https://www.sec.gov/Archives/edgar/data/1016178/000101617819000004/a20181231-10qfinal.htm
0,2018-09-30,CARV,2018-11-13 00:00:00,2018-11-13 16:58:18,Q2,5400000.0,1600000.0,5400000.0,1.0,0.0,7350000.0,0.0,0.0,8950000.0,0.0,1600000.0,220000.0,-130000.0,-11.233766233766234,-1950000.0,-12.668831168831169,0.0,-1950000.0,-12.668831168831169,70000.0,-2020000.0,-13.097402597402597,-0.54595,-0.54595,3700000.0,3700000.0,https://www.sec.gov/Archives/edgar/data/1016178/000101617818000019/0001016178-18-000019-index.html,https://www.sec.gov/Archives/edgar/data/1016178/000101617818000019/a20180930-10q.htm
0,2018-06-30,CARV,2018-08-14 00:00:00,2018-08-14 12:33:06,Q1,5800000.0,1630000.0,5800000.0,1.0,0.0,6840000.0,0.0,0.0,8470000.0,0.0,1630000.0,150000.0,750000.0,-5.740259740259741,-1030000.0,-6.688311688311688,0.0,-1030000.0,-6.688311688311688,0.0,-1030000.0,-6.688311688311688,-0.27838,-0.27838,3700000.0,3700000.0,https://www.sec.gov/Archives/edgar/data/1016178/000101617818000012/0001016178-18-000012-index.html,https://www.sec.gov/Archives/edgar/data/1016178/000101617818000012/a20180630-10q.htm
0,2018-03-31,CARV,2018-06-29 00:00:00,2018-06-29 16:50:00,Q4,15020000,1450000.0,15020000,1.0,0.0,7610000.0,0.0,0.0,9060000.0,1817000.0,1450000.0,300000.00000000006,5870000.0,0.414541363052,7410000.0,0.398735533648,0.0,7410000.0,0.396967423918,-3410000.0,7530000.0,0.403611230176,2.02965,2.02965,3710000.0,3710000.0,https://www.sec.gov/Archives/edgar/data/1016178/000101617818000008/0001016178-18-000008-index.html,https://www.sec.gov/Archives/edgar/data/1016178/000101617818000008/fy201810kdocument.htm
0,2017-12-31,CARV,2018-02-13 00:00:00,2018-02-13 17:03:29,Q3,6040000.0,1360000.0,6040000.0,1.0,0.0,6950000.0,0.0,0.0,8310000.0,0.0,1360000.0,199999.99999999997,650000.0,-3.8532608695652173,-910000.0,-4.961956521739131,0.0,-910000.0,-4.961956521739131,30000.0,-940000.0,-5.130434782608695,-0.25405,-0.25405,3700000.0,3700000.0,https://www.sec.gov/Archives/edgar/data/1016178/000101617818000004/0001016178-18-000004-index.html,https://www.sec.gov/Archives/edgar/data/1016178/000101617818000004/a20171231-10q.htm
0,2017-09-30,CARV,2017-11-09 00:00:00,2017-11-09 16:28:41,Q2,6230000.0,1250000.0,6230000.0,1.0,0.0,6790000.0,0.0,0.0,8040000.0,0.0,1250000.0,200000.0,890000.0,-14.848484848484848,-560000.0,-17.803030303030305,0.0,-560000.0,-17.803030303030305,30000.0,-590000.0,-18.71212121212121,-0.15946,-0.15946,3700000.0,3700000.0,https://www.sec.gov/Archives/edgar/data/1016178/000101617817000012/0001016178-17-000012-index.html,https://www.sec.gov/Archives/edgar/data/1016178/000101617817000012/fy201710kdocument.htm
0,2017-06-30,CARV,2017-11-14,2017-11-14 16:40:42,Q1,6160000.0,1220000.0,6160000.0,1.0,0.0,6770000.0,0.0,0.0,7990000.0,0.0,1220000.0,200000.0,810000.0,-6.08955223880597,-610000.0,-9.119402985074627,0.0,-610000.0,-9.119402985074627,30000.0,-640000.0,-9.567164179104477,-0.17297,-0.17297,3700000.0,3700000.0,https://www.sec.gov/Archives/edgar/data/1016178/000101617817000012/fy201710kdocument.htm,https://www.sec.gov/Archives/edgar/data/1016178/000101617817000012/fy201710kdocument.htm
0,2017-03-31,CARV,2017-11-09,2017-11-09 16:28:41,Q4,7050000.0,990000.0,7050000.0,1.0,0.0,8810000.0,0.0,0.0,9800000.0,1973000.0,990000.0,219999.99999999997,-560000.0,0.9769033361847733,-1770000.0,0.787852865697177,0.0,-1770000.0,0.787852865697177,80000.0,-1850000.0,0.7100085543199316,-0.5,-0.5,3700000.0,3700000.0,https://www.sec.gov/Archives/edgar/data/1016178/000101617817000012/fy201710kdocument.htm,https://www.sec.gov/Archives/edgar/data/1016178/000101617817000012/fy201710kdocument.htm
0,2016-12-31,CARV,2017-02-17 00:00:00,2017-02-17 17:06:09,Q3,5940000.0,1280000.0,5940000.0,1.0,0.0,6830000.0,0.0,0.0,8110000.0,26000.0,1280000.0,220000.00000000003,610000.0,-52.27777777777778,-890000.0,-64.22222222222223,0.0,-890000.0,-64.22222222222223,0.0,-890000.0,-64.22222222222223,-0.24054,-0.24054,3700000.0,3700000.0,https://www.sec.gov/Archives/edgar/data/1016178/000101617817000006/0001016178-17-000006-index.html,https://www.sec.gov/Archives/edgar/data/1016178/000101617817000006/a20161231-10q.htm
0,2016-09-30,CARV,2016-11-14 00:00:00,2016-11-14 17:35:54,Q2,6360000.0,1220000.0,6360000.0,1.0,0.0,6610000.0,0.0,0.0,7830000.0,0.0,1220000.0,210000.0,1180000.0,0.0028901734104,-250000.0,5.676470588235294,0.0,-250000.0,5.676470588235294,0.0,-250000.0,4.588235294117647,-0.06684,-0.06684,3740000.0,3740000.0,https://www.sec.gov/Archives/edgar/data/1016178/000101617816000075/0001016178-16-000075-index.html,https://www.sec.gov/Archives/edgar/data/1016178/000101617816000075/a20160930-10q.htm
0,2016-06-30,CARV,2016-08-22,2016-08-22 17:25:41,Q1,6800000.0,1260000.0,6800000.0,1.0,0.0,6440000.0,0.0,0.0,7700000.0,0.0,1260000.0,220000.0,1850000.0,4.61481481481,360000.0,3.02222222222,0.0,360000.0,3.2962962963,40000.0,330000.0,5.68148148148,0.08919,0.08919,3700000.0,3700000.0,https://www.sec.gov/Archives/edgar/data/1016178/000101617816000059/fy201610kdocument.htm,https://www.sec.gov/Archives/edgar/data/1016178/000101617816000059/fy201610kdocument.htm
0,2016-03-31,CARV,2016-08-12,2016-08-12 16:13:36,Q4,6320000.0,1280000.0,6320000.0,1.0,0.0,8980000.0,0.0,0.0,10260000,237000.0,1280000.0,570000.0,-810000.0,98.75,-2660000.0,31.125,0.0,-2660000.0,31.125,-30000.0,-2630000.0,10.375,-0.71081,-0.71081,3700000.0,3700000.0,https://www.sec.gov/Archives/edgar/data/1016178/000101617816000059/fy201610kdocument.htm,https://www.sec.gov/Archives/edgar/data/1016178/000101617816000059/fy201610kdocument.htm
0,2015-12-31,CARV,2016-02-10 00:00:00,2016-02-10 17:13:26,Q3,8580000.0,1170000.0,8580000.0,1.0,0.0,7940000.0,0.0,0.0,9110000.0,1000.0,1170000.0,350000.0,2160000.0,1.156312625250501,640000.0,1.0140280561122244,0.0,640000.0,1.0140280561122244,70000.0,570000.0,0.8797595190380761,0.15405,0.15405,3700000.0,3700000.0,https://www.sec.gov/Archives/edgar/data/1016178/000101617816000043/0001016178-16-000043-index.html,https://www.sec.gov/Archives/edgar/data/1016178/000101617816000043/a20151231-10q.htm
0,2015-09-30,CARV,2015-11-10 00:00:00,2015-11-10 17:24:00,Q2,6770000.0,1090000.0,6770000.0,1.0,0.0,6840000.0,0.0,0.0,7930000.0,0.0,1090000.0,250000.0,1260000.0,1.35761589404,-80000.0,-1.09933774834,0.0,-80000.0,-0.569536423841,80000.0,-160000.0,-1.09933774834,-0.04324,-0.04324,3700000.0,3700000.0,https://www.sec.gov/Archives/edgar/data/1016178/000101617815000036/0001016178-15-000036-index.html,https://www.sec.gov/Archives/edgar/data/1016178/000101617815000036/a2015930-10q.htm
0,2015-06-30,CARV,2015-08-11 00:00:00,2015-08-11 17:28:43,Q1,6340000.0,1060000.0,6340000.0,1.0,0.0,5880000.0,0.0,0.0,6940000.0,0.0,1060000.0,250000.0,1770000.0,1.82089552239,460000.0,0.531343283582,0.0,460000.0,0.570149253731,10000.0,450000.0,0.531343283582,0.12162,0.12162,3700000.0,3700000.0,https://www.sec.gov/Archives/edgar/data/1016178/000101617815000021/0001016178-15-000021-index.html,https://www.sec.gov/Archives/edgar/data/1016178/000101617815000021/a2015630-10q.htm
0,2015-03-31,CARV,2015-06-29 00:00:00,2015-06-29 16:55:34,Q4,6170000.0,950000.0,6170000.0,1.0,0.0,6890000.0,0.0,0.0,7840000.0,167000.0,950000.0,270000.0,490000.0,-12.625,-730000.0,-12.0,0.0,-730000.0,-12.0,30000.0,-760000.0,-15.875,-0.20541,-0.20541,3700000.0,3700000.0,https://www.sec.gov/Archives/edgar/data/1016178/000101617815000008/0001016178-15-000008-index.html,https://www.sec.gov/Archives/edgar/data/1016178/000101617815000008/fy201510kdocument.htm
0,2014-12-31,CARV,2015-02-09,2015-02-09 16:57:26,Q3,5660000.0,1010000.0,5660000.0,1.0,0.0,5640000.0,0.0,0.0,6650000.0,2000.0,1010000.0,250000.0,1430000.0,2.13402061856,20000.0,0.567010309278,0.0,20000.0,0.10824742268,60000.0,110000.0,-0.211340206186,0.02973,0.02973,3700000.0,3700000.0,https://www.sec.gov/Archives/edgar/data/1016178/000101617815000003/a20141231-10q.htm,https://www.sec.gov/Archives/edgar/data/1016178/000101617815000003/a20141231-10q.htm
0,2014-09-30,CARV,2014-11-10 00:00:00,2014-11-10 17:25:49,Q2,6160000.0,990000.0,6160000.0,1.0,0.0,6040000.0,0.0,0.0,7030000.0,1000.0,990000.0,410000.00000000006,1670000.0,1.63531669866,120000.0,0.399232245681,0.0,120000.0,0.226487523992,60000.0,210000.0,0.117082533589,0.05615,0.05615,3740000.0,3740000.0,https://www.sec.gov/Archives/edgar/data/1016178/000101617814000037/0001016178-14-000037-index.html,https://www.sec.gov/Archives/edgar/data/1016178/000101617814000037/a2014930-10q.htm
0,2014-06-30,CARV,2014-07-15 00:00:00,2014-07-15 11:31:58,Q1,5970000.0,990000.0,5970000.0,1.0,0.0,5770000.0,0.0,0.0,6760000.0,0.0,990000.0,120000.0,1300000.0,1.38235294118,200000.0,0.848039215686,0.0,200000.0,1.00980392157,20000.0,170000.0,0.93137254902,0.04595,0.04595,3700000.0,3700000.0,https://www.sec.gov/Archives/edgar/data/1016178/000101617814000017/0001016178-14-000017-index.html,https://www.sec.gov/Archives/edgar/data/1016178/000101617814000017/fy201410kdocument.htm
0,2014-03-31,CARV,2014-07-15,2014-07-15 11:31:58,Q4,6640000.0,990000.0,6640000.0,1.0,0.0,8260000.0,0.0,0.0,9250000.0,172000.0,990000.0,260000.0000000001,-219999.9999999999,-2.8911070780399273,-1620000.0,-2.941923774954628,0.0,-1620000.0,-2.941923774954628,10000.0,-1480000.0,-2.956442831215971,-0.4,-0.4,3700000.0,3700000.0,https://www.sec.gov/Archives/edgar/data/1016178/000101617814000017/fy201410kdocument.htm,https://www.sec.gov/Archives/edgar/data/1016178/000101617814000017/fy201410kdocument.htm
0,2013-12-31,CARV,2014-02-13,2014-02-12 19:34:58,Q3,6240000.0,980000.0,6240000.0,1.0,0.0,7200000.0,0.0,0.0,8180000.0,0.0,980000.0,269999.9999999999,439999.9999999999,0.8,-960000.0,-2.520408163265306,0.0,-960000.0,-2.520408163265306,10000.0,-820000.0,-2.5816326530612246,-0.22162,-0.22162,3700000.0,3700000.0,https://www.sec.gov/Archives/edgar/data/1016178/000101617814000006/a20131231-10q.htm,https://www.sec.gov/Archives/edgar/data/1016178/000101617814000006/a20131231-10q.htm
0,2013-09-30,CARV,2013-11-12 00:00:00,2013-11-12 06:27:14,Q2,6550000.0,980000.0,6550000.0,1.0,0.0,6090000.0,0.0,0.0,7070000.0,163000.0,980000.0,270000.0,1610000.0,3.14173228346,450000.0,1.35039370079,0.0,450000.0,1.76377952756,20000.0,340000.0,1.35039370079,0.09091,0.09091,3740000.0,3740000.0,https://www.sec.gov/Archives/edgar/data/1016178/000101617813000033/0001016178-13-000033-index.html,https://www.sec.gov/Archives/edgar/data/1016178/000101617813000033/a20130930-10q.htm
0,2013-06-30,CARV,2013-08-13 00:00:00,2013-08-13 16:48:01,Q1,6690000.0,1010000.0,6690000.0,1.0,0.0,6110000.0,0.0,0.0,7120000.0,69000.0,1010000.0,280000.0,1770000.0,2.61654135338,580000.0,1.54135338346,0.0,580000.0,2.16541353383,70000.0,410000.0,1.54135338346,0.11081,0.11081,3700000.0,3700000.0,https://www.sec.gov/Archives/edgar/data/1016178/000101617813000018/0001016178-13-000018-index.html,https://www.sec.gov/Archives/edgar/data/1016178/000101617813000018/a20130630-10q.htm
0,2013-03-31,CARV,2013-06-28 00:00:00,2013-06-28 16:31:22,Q4,5630000.0,1090000.0,5630000.0,1.0,0.0,4700000.0,0.0,0.0,5790000.0,36000.0,1090000.0,289999.9999999999,2130000.0,10.25,930000.0,8.6,0.0,930000.0,11.6625,60000.0,690000.0,1.6212686567164178,0.18649,0.18649,3700000.0,3700000.0,https://www.sec.gov/Archives/edgar/data/1016178/000101617813000012/0001016178-13-000012-index.html,https://www.sec.gov/Archives/edgar/data/1016178/000101617813000012/fy201310kdocument.htm
0,2012-12-31,CARV,2013-02-14 00:00:00,2013-02-14 17:23:58,Q3,7260000.0,1210000.0,7260000.0,1.0,0.0,6900000.0,0.0,0.0,8110000.0,0.0,1210000.0,289999.9999999999,2040000.0,3.62869198312,350000.0,1.99578059072,0.0,350000.0,1.48101265823,70000.0,470000.0,1.99578059072,0.12703,0.12703,3700000.0,3700000.0,https://www.sec.gov/Archives/edgar/data/1016178/000101617813000006/0001016178-13-000006-index.html,https://www.sec.gov/Archives/edgar/data/1016178/000101617813000006/a20121231-10q.htm
0,2012-09-30,CARV,2012-11-14 00:00:00,2012-11-14 13:05:46,Q2,7290000.0,1250000.0,7290000.0,1.0,0.0,7450000.0,0.0,0.0,8700000.0,0.0,1250000.0,260000.00000000006,1410000.0,1.02597402597,-150000.0,-0.2676056338028169,0.0,-150000.0,-0.2676056338028169,40000.0,-140000.0,-0.24295774647887325,-0.03784,-0.03784,3700000.0,3700000.0,https://www.sec.gov/Archives/edgar/data/1016178/000101617812000032/0001016178-12-000032-index.html,https://www.sec.gov/Archives/edgar/data/1016178/000101617812000032/a2012930-10q.htm
0,2012-06-30,CARV,2012-08-13 00:00:00,2012-08-13 17:28:39,Q1,5770000.0,1320000.0,5770000.0,1.0,0.0,6850000.0,0.0,0.0,8170000.0,0.0,1320000.0,290000.0,1410000.0,-21.38888888888889,-1090000.0,-30.194444444444443,0.0,-1090000.0,-30.194444444444443,160000.0,-360000.0,-10.027777777777779,-0.0973,-0.0973,3700000.0,3700000.0,https://www.sec.gov/Archives/edgar/data/1016178/000101617812000022/0001016178-12-000022-index.html,https://www.sec.gov/Archives/edgar/data/1016178/000101617812000022/a2012630-10q.htm
0,2012-03-31,CARV,2012-06-29,2012-06-29 16:54:28,Q4,5050000.0,2480000.0,5050000.0,1.0,0.0,12290000,0.0,0.0,14770000,2899000.0,2480000.0,310000.00000000006,-4390000.0,-68.64077669902913,-7240000.0,-70.28155339805825,0.0,-7240000.0,-70.28155339805825,-30000.0,-7150000.0,-69.3883495145631,-1.93243,-1.93243,3700000.0,3700000.0,https://www.sec.gov/Archives/edgar/data/1016178/000101617812000017/fy201210kdocument.htm,https://www.sec.gov/Archives/edgar/data/1016178/000101617812000017/fy201210kdocument.htm
0,2011-12-31,CARV,2012-02-14 00:00:00,2012-02-14 16:45:15,Q3,5610000.0,1850000.0,5610000.0,1.0,0.0,7890000.0,0.0,0.0,9740000.0,3006000.0,1850000.0,340000.0000000001,510000.0000000001,-95.8,-2280000.0,-113.9,0.0,-2280000.0,-113.9,-1000000.0,-680000.0,-34.0,-0.25954,-0.25954,2620000.0,2620000.0,https://www.sec.gov/Archives/edgar/data/1016178/000101617812000007/0001016178-12-000007-index.html,https://www.sec.gov/Archives/edgar/data/1016178/000101617812000007/a20111231-10q.htm
0,2011-09-30,CARV,2011-11-14 00:00:00,2011-11-14 17:12:22,Q2,6510000.0,1760000.0,6510000.0,1.0,0.0,14640000,0.0,0.0,16400000,3137000.0,1760000.0,389999.99999999994,-7110000.0,-57.70676691729323,-8130000.0,-61.11278195488722,0.0,-8130000.0,-61.11278195488722,190000.0,-9450000.0,-71.04511278195488,-55.58824,-55.58824,170000.0,170000.0,https://www.sec.gov/Archives/edgar/data/1016178/000101617811000063/0001016178-11-000063-index.html,https://www.sec.gov/Archives/edgar/data/1016178/000101617811000063/a2011930-10q.htm
0,2011-06-30,CARV,2011-08-15 00:00:00,2011-08-15 17:15:26,Q1,6370000.0,1960000.0,6370000.0,1.0,0.0,12460000,0.0,0.0,14420000,3045000.0,1960000.0,410000.0,-3870000.0,-5633.0,-6090000.0,-6094.0,0.0,-6090000.0,-6094.0,-110000.0,-6130000.0,-6131.0,-36.05882,-36.05882,170000.0,170000.0,https://www.sec.gov/Archives/edgar/data/1016178/000101617811000030/0001016178-11-000030-index.html,https://www.sec.gov/Archives/edgar/data/1016178/000101617811000030/a2011630-10q.htm
0,2011-03-31,CARV,2011-06-30 00:00:00,2011-06-30 13:53:16,Q4,8090000.0,2090000.0,8090000.0,1.0,0.0,14820000,0.0,0.0,16910000,0.0,2090000.0,1130000.0,-3570000.0,-32.589005235602095,-6730000.0,-31.089005235602095,0.0,-6730000.0,-31.089005235602095,-1300000.0,-5490000.0,-51.7369109947644,-32.29412,-32.29412,170000.0,170000.0,https://www.sec.gov/Archives/edgar/data/1016178/000101617811000012/0001016178-11-000012-index.html,https://www.sec.gov/Archives/edgar/data/1016178/000101617811000012/carv201110k.htm
0,2010-12-31,CARV,2011-02-14,2011-02-14 19:26:55,Q3,8210000.0,2330000.0,8210000.0,1.0,0.0,14080000,0.0,0.0,16410000,0.0,2330000.0,419999.99999999994,-3110000.0,-5484.0,-5870000.0,-5870.0,0.0,-5870000.0,-5870.0,2320000.0,-8180000.0,-8186.0,-48.11765,-48.11765,170000.0,170000.0,https://www.sec.gov/Archives/edgar/data/1016178/000095012311013859/c12472e10vq.htm,https://www.sec.gov/Archives/edgar/data/1016178/000095012311013859/c12472e10vq.htm
0,2010-09-30,CARV,2010-11-15 00:00:00,2010-11-15 15:21:41,Q2,9110000.0,2490000.0,9110000.0,1.0,0.0,15470000,0.0,0.0,17960000,0.0,2490000.0,390000.0,-3480000.0,-8.139377537212448,-6360000.0,-8.61299052774019,0.0,-6360000.0,-8.61299052774019,17000000,-23360000,-28.50744248985115,-137.41176,-137.41176,170000.0,170000.0,https://www.sec.gov/Archives/edgar/data/1016178/000095012310105594/0000950123-10-105594-index.html,https://www.sec.gov/Archives/edgar/data/1016178/000095012310105594/c08459e10vq.htm
0,2010-06-30,CARV,2010-07-15 00:00:00,2010-07-15 17:20:04,Q1,8920000.0,2560000.0,8920000.0,1.0,0.0,13710000,0.0,0.0,16270000,0.0,2560000.0,449999.99999999994,-1780000.0,-182.41666666666666,-4790000.0,-199.5,0.0,-4790000.0,-199.5,-2300000.0,-2490000.0,-199.5,-14.64706,-14.64706,170000.0,170000.0,https://www.sec.gov/Archives/edgar/data/1016178/000095012310065790/0000950123-10-065790-index.html,https://www.sec.gov/Archives/edgar/data/1016178/000095012310065790/c03458e10vk.htm
0,2010-03-31,CARV,2010-07-15,2010-07-15 17:20:04,Q4,8960000.0,2560000.0,8960000.0,1.0,0.0,12220000,0.0,0.0,14780000,2136000.0,2560000.0,349999.9999999999,-340000.0000000001,-11.789237668161435,-3250000.0,-8.715246636771301,0.0,-3250000.0,-8.715246636771301,-1060000.0,-2190000.0,-8.715246636771301,-12.88235,-12.88235,170000.0,170000.0,https://www.sec.gov/Archives/edgar/data/1016178/000095012310065790/c03458e10vk.htm,https://www.sec.gov/Archives/edgar/data/1016178/000095012310065790/c03458e10vk.htm
0,2009-12-31,CARV,2010-02-16 00:00:00,2010-02-16 17:19:13,Q3,10430000,2700000.0,10430000,1.0,0.0,10220000,0.0,0.0,12920000,0.0,2700000.0,460000.0000000002,3380000.0,1.437219730941704,210000.0,0.47757847533632286,0.0,210000.0,0.47757847533632286,-570000.0,790000.0,1.7668161434977578,4.64706,4.64706,170000.0,170000.0,https://www.sec.gov/Archives/edgar/data/1016178/000095012310013406/0000950123-10-013406-index.html,https://www.sec.gov/Archives/edgar/data/1016178/000095012310013406/c96149e10vq.htm
0,2009-09-30,CARV,2009-11-16 00:00:00,2009-11-16 16:13:47,Q2,7110000.0,2730000.0,7110000.0,1.0,0.0,8260000.0,0.0,0.0,10990000,0.0,2730000.0,539999.9999999999,2120000.0,0.10840392119539355,-1150000.0,0.06462358427714857,0.0,-1150000.0,0.06462358427714857,-840000.0,-310000.0,0.07794803464357095,-1.9375,-1.9375,160000.0,160000.0,https://www.sec.gov/Archives/edgar/data/1016178/000095012309063027/0000950123-09-063027-index.html,https://www.sec.gov/Archives/edgar/data/1016178/000095012309063027/c92688e10vq.htm
0,2009-06-30,CARV,2009-07-02 00:00:00,2009-07-02 17:32:56,Q1,8040000.0,3020000.0,8040000.0,1.0,0.0,7750000.0,0.0,0.0,10770000,0.0,3020000.0,480000.0,3800000.0,0.07878543326944416,300000.0,0.03006153535761122,0.0,300000.0,0.03006153535761122,-400000.0,700000.0,0.07000907898718854,4.11765,4.11765,170000.0,170000.0,https://www.sec.gov/Archives/edgar/data/1016178/000095012309020049/0000950123-09-020049-index.html,https://www.sec.gov/Archives/edgar/data/1016178/000095012309020049/c87367e10vk.htm
0,2009-03-31,CARV,2009-07-02,2009-07-02 17:32:56,Q4,7280000.0,3290000.0,7280000.0,1.0,0.0,10330000,0.0,0.0,13620000,0.0,3290000.0,589999.9999999999,819999.9999999999,-1.7920772946859904,-3060000.0,-1.9064734299516908,0.0,-3060000.0,-1.9064734299516908,-1910000.0,-1150000.0,-1.9064734299516908,-7.1875,-7.1875,160000.0,160000.0,https://www.sec.gov/Archives/edgar/data/1016178/000095012309020049/c87367e10vk.htm,https://www.sec.gov/Archives/edgar/data/1016178/000095012309020049/c87367e10vk.htm
0,2008-12-31,CARV,2009-02-17 00:00:00,2009-02-17 14:46:38,Q3,7610000.0,4010000.0,7610000.0,1.0,0.0,15220000,0.0,0.0,19230000,0.0,4010000.0,540000.0000000001,-3180000.0,-0.625911708253359,-7610000.0,-0.6643953934740883,0.0,-7610000.0,-0.6643953934740883,-550000.0,-7180000.0,-0.6237044145873321,-44.875,-44.875,160000.0,160000.0,https://www.sec.gov/Archives/edgar/data/1016178/000114036109004287/0001140361-09-004287-index.html,https://www.sec.gov/Archives/edgar/data/1016178/000114036109004287/form10q.htm
0,2008-09-30,CARV,2008-11-17 00:00:00,2008-11-14 21:53:56,Q2,7770000.0,4340000.0,7770000.0,1.0,0.0,7480000.0,0.0,0.0,11820000,0.0,4340000.0,489999.99999999994,5030000.0,0.07413024931273106,300000.0,0.028154327424400417,0.0,300000.0,0.028154327424400417,-420000.0,620000.0,0.05886813916010996,3.64706,3.64706,170000.0,170000.0,https://www.sec.gov/Archives/edgar/data/1016178/000114036108025628/0001140361-08-025628-index.html,https://www.sec.gov/Archives/edgar/data/1016178/000114036108025628/form10q.htm
0,2008-06-30,CARV,2008-07-01 00:00:00,2008-07-01 17:28:29,Q1,8010000.0,4870000.0,8010000.0,1.0,0.0,7510000.0,0.0,0.0,12380000,0.0,4870000.0,450000.0,5690000.0,40.87615792787121,500000.0,0.045147944959079055,0.0,500000.0,0.045147944959079055,-320000.0,690000.0,0.06169619570105225,4.05882,4.05882,170000.0,170000.0,https://www.sec.gov/Archives/edgar/data/1016178/000114036108016205/0001140361-08-016205-index.html,https://www.sec.gov/Archives/edgar/data/1016178/000114036108016205/form10-k.htm
0,2008-03-31,CARV,2008-07-01 00:00:00,2008-07-01 17:28:29,Q4,8130000.0,5720000.0,8130000.0,1.0,0.0,8230000.0,0.0,0.0,13950000,0.0,5720000.0,449999.99999999994,5930000.0,0.01750658621568794,-100000.0,-0.02031103934732727,0.0,-100000.0,-0.02031103934732727,-720000.0,480000.0,0.04215178040282145,2.82353,2.82353,170000.0,170000.0,https://www.sec.gov/Archives/edgar/data/1016178/000114036108016205/0001140361-08-016205-index.html,https://www.sec.gov/Archives/edgar/data/1016178/000114036108016205/form10-k.htm
0,2007-12-31,CARV,2008-02-14,2008-02-14 17:29:27,Q3,9500000.0,6000000.0,9500000.0,1.0,0.0,8180000.0,0.0,0.0,14180000,0.0,6000000.0,470000.00000000006,7780000.0,34.54676843130887,1310000.0,0.12000649561545956,0.0,1310000.0,0.12000649561545956,-270000.0,1580000.0,0.128044819746671,9.29412,9.29412,170000.0,170000.0,https://www.sec.gov/Archives/edgar/data/1016178/000114036108004279/form10q.htm,https://www.sec.gov/Archives/edgar/data/1016178/000114036108004279/form10q.htm
0,2007-09-30,CARV,2007-11-19 00:00:00,2007-11-19 17:31:04,Q2,7910000.0,5630000.0,7910000.0,1.0,0.0,7200000.0,0.0,0.0,12830000,0.0,5630000.0,540000.0,6890000.0,35.6526777584637,720000.0,0.059597715420908866,0.0,720000.0,0.059597715420908866,-40000.0,760000.0,0.0632397980299644,4.47059,4.47059,170000.0,170000.0,https://www.sec.gov/Archives/edgar/data/1016178/000114036107022466/0001140361-07-022466-index.html,https://www.sec.gov/Archives/edgar/data/1016178/000114036107022466/form10q.htm
0,2007-06-30,CARV,2007-08-14 00:00:00,2007-08-14 17:21:49,Q1,7800000.0,5310000.0,7800000.0,1.0,0.0,6510000.0,0.0,0.0,11820000,0.0,5310000.0,410000.0,7000000.0,34.36547459893048,1290000.0,0.10745320855614973,0.0,1290000.0,0.10745320855614973,140000.0,1140000.0,0.09550467914438503,6.33333,6.33333,180000.0,180000.0,https://www.sec.gov/Archives/edgar/data/1016178/000114036107016441/0001140361-07-016441-index.html,https://www.sec.gov/Archives/edgar/data/1016178/000114036107016441/form10-q.htm
0,2007-03-31,CARV,2007-06-29 00:00:00,2007-06-29 17:28:28,Q4,7430000.0,5340000.0,7430000.0,1.0,0.0,7400000.0,0.0,0.0,12740000,0.0,5340000.0,360000.0000000001,5730000.0,0.11446275657300228,30000.0,0.08094152071948019,0.0,30000.0,0.08094152071948019,-770000.0,800000.0,0.11553853436034253,4.44444,4.44444,180000.0,180000.0,https://www.sec.gov/Archives/edgar/data/1016178/000114036107013182/0001140361-07-013182-index.html,https://www.sec.gov/Archives/edgar/data/1016178/000114036107013182/form10-k.htm
0,2006-12-31,CARV,,,Q3,7200000.0,5640000.0,7200000.0,1.0,0.0,6110000.0,0.0,0.0,11750000,0.0,5640000.0,419999.99999999994,7150000.0,0.0,1090000.0,0.0,0.0,1090000.0,0.0,-310000.0,1400000.0,0.0,8.23529,8.23529,170000.0,170000.0,,
0,2006-09-30,CARV,2006-11-14,2006-11-14 17:05:34,Q2,4870000.0,4170000.0,4870000.0,1.0,0.0,6240000.0,0.0,0.0,10410000,0.0,4170000.0,400000.0,3210000.0,-0.10244110435987634,-1370000.0,-0.14582667093060442,0.0,-1370000.0,-0.14582667093060442,-460000.0,-900000.0,-0.1438013005010127,-5.29412,-5.29412,170000.0,170000.0,https://www.sec.gov/Archives/edgar/data/1016178/000088237706003895/p06-1728_10q.htm,https://www.sec.gov/Archives/edgar/data/1016178/000088237706003895/p06-1728_10q.htm
0,2006-06-30,CARV,2006-08-14,2006-08-14 10:37:34,Q1,5990000.0,4090000.0,5990000.0,1.0,0.0,4730000.0,0.0,0.0,8820000.0,0.0,4090000.0,400000.0,5740000.0,43.44813596491228,1250000.0,0.13673245614035087,0.0,1250000.0,0.13673245614035087,450000.0,800000.0,0.13673245614035087,4.70588,4.70588,170000.0,170000.0,https://www.sec.gov/Archives/edgar/data/1016178/000088237706002788/p06-1202_10q.htm,https://www.sec.gov/Archives/edgar/data/1016178/000088237706002788/p06-1202_10q.htm
0,2006-03-31,CARV,,,Q4,6680000.0,3790000.0,6680000.0,1.0,0.0,5040000.0,0.0,0.0,8830000.0,0.0,3790000.0,179999.99999999994,5610000.0,0.0,1640000.0,0.0,0.0,1640000.0,0.0,600000.0,1040000.0,0.0,6.11765,6.11765,170000.0,170000.0,,
0,2005-12-31,CARV,,,Q3,5890000.0,3440000.0,5890000.0,1.0,0.0,4670000.0,0.0,0.0,8110000.0,0.0,3440000.0,600000.0000000001,5270000.0,0.0,1230000.0,0.0,0.0,1230000.0,0.0,-60000.0,1290000.0,0.0,7.58824,7.58824,170000.0,170000.0,,
0,2005-09-30,CARV,,,Q2,5570000.0,3210000.0,5570000.0,1.0,0.0,4640000.0,0.0,0.0,7850000.0,0.0,3210000.0,390000.0,4530000.0,0.0,930000.0,0.0,0.0,930000.0,0.0,330000.0,600000.0,0.0,3.33333,3.33333,180000.0,180000.0,,
0,2005-06-30,CARV,,,Q1,6100000.0,3050000.0,6100000.0,1.0,0.0,4800000.0,0.0,0.0,7850000.0,0.0,3050000.0,380000.0,4730000.0,0.0,1300000.0,0.0,0.0,1300000.0,0.0,460000.0,840000.0,0.0,4.94118,4.94118,170000.0,170000.0,,
0,2005-03-31,CARV,,,Q4,5840000.0,2740000.0,5840000.0,1.0,0.0,5250000.0,0.0,0.0,7990000.0,0.0,2740000.0,349999.9999999999,3670000.0,0.0,580000.0,0.0,0.0,580000.0,0.0,190000.0,390000.0,0.0,2.29412,2.29412,170000.0,170000.0,,
0,2004-12-31,CARV,2005-02-14 00:00:00,2005-02-14 13:19:25,Q3,5940000.0,2490000.0,5940000.0,1.0,0.0,4510000.0,0.0,0.0,7000000.0,0.0,2490000.0,370000.0000000001,4290000.0,0.0,1430000.0,0.0,0.0,1430000.0,0.0,510000.0,920000.0,0.0,5.41176,5.41176,170000.0,170000.0,https://www.sec.gov/Archives/edgar/data/1016178/000088237705000320/0000882377-05-000320-index.html,https://www.sec.gov/Archives/edgar/data/1016178/000088237705000320/carver10q2.txt
0,2004-09-30,CARV,2004-11-15 00:00:00,2004-11-15 16:33:38,Q2,6950000.0,2370000.0,6950000.0,1.0,0.0,6540000.0,0.0,0.0,8910000.0,0.0,2370000.0,359999.99999999994,3140000.0,0.0,410000.0,0.0,0.0,410000.0,0.0,150000.0,260000.0,0.0,1.73333,1.73333,150000.0,150000.0,https://www.sec.gov/Archives/edgar/data/1016178/000088237704002357/0000882377-04-002357-index.html,https://www.sec.gov/Archives/edgar/data/1016178/000088237704002357/carver10q.txt
0,2004-06-30,CARV,2004-08-16 00:00:00,2004-08-16 15:28:48,Q1,5680000.0,2170000.0,5680000.0,1.0,0.0,3940000.0,0.0,0.0,6110000.0,0.0,2170000.0,340000.0,4250000.0,0.0,1750000.0,0.0,0.0,1750000.0,0.0,660000.0,1080000.0,0.0,6.35294,6.35294,170000.0,170000.0,https://www.sec.gov/Archives/edgar/data/1016178/000088237704001653/0000882377-04-001653-index.html,https://www.sec.gov/Archives/edgar/data/1016178/000088237704001653/carver_form10q.txt
0,2004-03-31,CARV,2004-06-29 00:00:00,2004-06-29 13:53:57,Q4,5480000.0,2150000.0,5480000.0,1.0,0.0,3840000.0,0.0,0.0,5990000.0,0.0,2150000.0,319999.99999999994,4110000.0,0.0,1640000.0,0.0,0.0,1640000.0,0.0,550000.0,1090000.0,0.0,7.26667,7.26667,150000.0,150000.0,https://www.sec.gov/Archives/edgar/data/1016178/000088237704001298/0000882377-04-001298-index.html,https://www.sec.gov/Archives/edgar/data/1016178/000088237704001298/d240086.txt
0,2003-12-31,CARV,2004-02-13 00:00:00,2004-02-13 16:26:46,Q3,5850000.0,2220000.0,5850000.0,1.0,0.0,3970000.0,0.0,0.0,6190000.0,0.0,2220000.0,330000.0,4430000.0,0.0,1870000.0,0.0,0.0,1870000.0,0.0,640000.0,1240000.0,0.0,7.29412,7.29412,170000.0,170000.0,https://www.sec.gov/Archives/edgar/data/1016178/000088237704000359/0000882377-04-000359-index.html,https://www.sec.gov/Archives/edgar/data/1016178/000088237704000359/d207888.txt
0,2003-09-30,CARV,2003-11-14 00:00:00,2003-11-14 16:24:40,Q2,6060000.0,2110000.0,6060000.0,1.0,0.0,3890000.0,0.0,0.0,6000000.0,0.0,2110000.0,349999.9999999999,4640000.0,0.0,2180000.0,0.0,0.0,2180000.0,0.0,750000.0,1430000.0,0.0,8.41176,8.41176,170000.0,170000.0,https://www.sec.gov/Archives/edgar/data/1016178/000088237703001836/0000882377-03-001836-index.html,https://www.sec.gov/Archives/edgar/data/1016178/000088237703001836/d185577.txt
0,2003-06-30,CARV,2003-08-14 00:00:00,2003-08-18 17:24:54,Q1,5430000.0,2230000.0,5430000.0,1.0,0.0,3780000.0,0.0,0.0,6010000.0,0.0,2230000.0,330000.0,4210000.0,0.0,1650000.0,0.0,0.0,1650000.0,0.0,560000.0,1090000.0,0.0,6.41176,6.41176,170000.0,170000.0,https://www.sec.gov/Archives/edgar/data/1016178/000116923203005309/0001169232-03-005309-index.html,https://www.sec.gov/Archives/edgar/data/1016178/000116923203005309/d056726_10-q.txt
0,2003-03-31,CARV,2003-06-30 00:00:00,2003-06-30 15:10:09,Q4,5630000.0,2220000.0,5630000.0,1.0,0.0,3840000.0,0.0,0.0,6060000.0,0.0,2220000.0,369999.99999999994,4390000.0,0.0,1790000.0,0.0,0.0,1790000.0,0.0,720000.0,1080000.0,0.0,6.35294,6.35294,170000.0,170000.0,https://www.sec.gov/Archives/edgar/data/1016178/000088237703001084/0000882377-03-001084-index.html,https://www.sec.gov/Archives/edgar/data/1016178/000088237703001084/d149191.txt
0,2002-12-31,CARV,2003-02-14 00:00:00,2003-02-14 15:35:26,Q3,5290000.0,2220000.0,5290000.0,1.0,0.0,3540000.0,0.0,0.0,5760000.0,0.0,2220000.0,300000.0,4280000.0,0.0,1750000.0,0.0,0.0,1750000.0,0.0,810000.0,950000.0,0.0,5.58824,5.58824,170000.0,170000.0,https://www.sec.gov/Archives/edgar/data/1016178/000116923203001386/0001169232-03-001386-index.html,https://www.sec.gov/Archives/edgar/data/1016178/000116923203001386/d53806_10-q.txt
0,2002-09-30,CARV,2002-11-14 00:00:00,2002-11-14 14:47:24,Q2,5270000.0,2210000.0,5270000.0,1.0,0.0,3530000.0,0.0,0.0,5740000.0,0.0,2210000.0,420000.00000000006,4370000.0,0.0,1730000.0,0.0,0.0,1730000.0,0.0,800000.0,940000.0,0.0,5.52941,5.52941,170000.0,170000.0,https://www.sec.gov/Archives/edgar/data/1016178/000088237702000828/0000882377-02-000828-index.html,https://www.sec.gov/Archives/edgar/data/1016178/000088237702000828/dcarver10q111302.txt
0,2002-06-30,CARV,2002-07-01 00:00:00,2002-07-01 11:24:23,Q1,5380000.0,2340000.0,5380000.0,1.0,0.0,3800000.0,0.0,0.0,6140000.0,0.0,2340000.0,339999.99999999994,4260000.0,0.0,1590000.0,0.0,0.0,1590000.0,0.0,710000.0,870000.0,0.0,5.11765,5.11765,170000.0,170000.0,https://www.sec.gov/Archives/edgar/data/1016178/000089155402004070/0000891554-02-004070-index.html,https://www.sec.gov/Archives/edgar/data/1016178/000089155402004070/d50953_10k.txt
0,2002-03-31,CARV,2002-07-01 00:00:00,2002-07-01 11:24:23,Q4,5160000.0,2470000.0,5160000.0,1.0,0.0,3740000.0,0.0,0.0,6210000.0,0.0,2470000.0,339999.9999999999,4240000.0,0.0,1430000.0,0.0,0.0,1430000.0,0.0,90000.0,1340000.0,0.0,7.44444,7.44444,180000.0,180000.0,https://www.sec.gov/Archives/edgar/data/1016178/000089155402004070/0000891554-02-004070-index.html,https://www.sec.gov/Archives/edgar/data/1016178/000089155402004070/d50953_10k.txt
0,2001-12-31,CARV,2002-02-14 00:00:00,2002-02-14 00:00:00,Q3,6180000.0,2960000.0,6180000.0,1.0,0.0,4070000.0,0.0,0.0,7030000.0,0.0,2960000.0,350000.00000000006,5430000.0,0.0,2120000.0,0.0,0.0,2120000.0,0.0,400000.0,1720000.0,0.0,10.11765,10.11765,170000.0,170000.0,https://www.sec.gov/Archives/edgar/data/1016178/000088237702000100/0000882377-02-000100-index.html,https://www.sec.gov/Archives/edgar/data/1016178/000088237702000100/d46454.txt
0,2001-09-30,CARV,2001-11-14 00:00:00,2001-11-14 00:00:00,Q2,4270000.0,3230000.0,4270000.0,1.0,0.0,3670000.0,0.0,0.0,6900000.0,0.0,3230000.0,349999.9999999999,4190000.0,0.0,600000.0,0.0,0.0,600000.0,0.0,120000.0,490000.0,0.0,3.26667,3.26667,150000.0,150000.0,https://www.sec.gov/Archives/edgar/data/1016178/000095012301508477/0000950123-01-508477-index.html,https://www.sec.gov/Archives/edgar/data/1016178/000095012301508477/y55010e10-q.txt
0,2001-06-30,CARV,2001-08-14 00:00:00,2001-08-14 00:00:00,Q1,5080000.0,3390000.0,5080000.0,1.0,0.0,3650000.0,0.0,0.0,7040000.0,0.0,3390000.0,330000.0,5160000.0,0.0,1440000.0,0.0,0.0,1440000.0,0.0,270000.0,1170000.0,0.0,7.3125,7.3125,160000.0,160000.0,https://www.sec.gov/Archives/edgar/data/1016178/000095012301505571/0000950123-01-505571-index.html,https://www.sec.gov/Archives/edgar/data/1016178/000095012301505571/y52567e10-q.txt
0,2001-03-31,CARV,2001-06-29 00:00:00,2001-06-29 00:00:00,Q4,3790000.0,3640000.0,3790000.0,1.0,0.0,4270000.0,0.0,0.0,7910000.0,0.0,3640000.0,339999.9999999999,3500000.0,0.0,-480000.0,0.0,0.0,-480000.0,0.0,-60000.0,-420000.0,0.0,-2.8,-2.8,150000.0,150000.0,https://www.sec.gov/Archives/edgar/data/1016178/000088237701500205/0000882377-01-500205-index.html,https://www.sec.gov/Archives/edgar/data/1016178/000088237701500205/d26146_10k.txt
0,2000-12-31,CARV,2001-02-14 00:00:00,2001-02-14 00:00:00,Q3,3950000.0,3750000.0,3950000.0,1.0,0.0,4390000.0,0.0,0.0,8140000.0,0.0,3750000.0,449999.99999999994,3750000.0,0.0,-440000.0,0.0,0.0,-440000.0,0.0,-50000.0,-400000.0,0.0,-2.66667,-2.66667,150000.0,150000.0,https://www.sec.gov/Archives/edgar/data/1016178/000089155401500982/0000891554-01-500982-index.html,https://www.sec.gov/Archives/edgar/data/1016178/000089155401500982/d24814_form10-q.txt
0,2000-09-30,CARV,2000-11-14 00:00:00,2000-11-14 00:00:00,Q2,4850000.0,3500000.0,4850000.0,1.0,0.0,4390000.0,0.0,0.0,7890000.0,0.0,3500000.0,229999.99999999997,4190000.0,0.0,460000.0,0.0,0.0,460000.0,0.0,180000.0,280000.0,0.0,1.86667,1.86667,150000.0,150000.0,https://www.sec.gov/Archives/edgar/data/1016178/000088237700000540/0000882377-00-000540-index.html,https://www.sec.gov/Archives/edgar/data/1016178/000088237700000540/0000882377-00-000540-0001.txt
0,2000-06-30,CARV,2000-07-14 00:00:00,2000-07-14 00:00:00,Q1,4370000.0,3390000.0,4370000.0,1.0,0.0,4200000.0,0.0,0.0,7590000.0,0.0,3390000.0,330000.0,3890000.0,0.0,170000.0,0.0,0.0,170000.0,0.0,20000.0,150000.0,0.0,1.0,1.0,150000.0,150000.0,https://www.sec.gov/Archives/edgar/data/1016178/000095012300006564/0000950123-00-006564-index.html,https://www.sec.gov/Archives/edgar/data/1016178/000095012300006564/e10-k.txt
0,2000-03-31,CARV,,,Q4,4500000.0,3370000.0,4500000.0,1.0,0.0,7130000.0,0.0,0.0,10500000,0.0,3370000.0,599999.9999999999,1330000.0,0.0,-2640000.0,0.0,0.0,-2640000.0,0.0,90000.0,-2730000.0,0.0,-18.2,-18.2,150000.0,150000.0,,
0,1999-12-31,CARV,2000-02-22 00:00:00,2000-02-22 00:00:00,Q3,4000000.0,3500000.0,4000000.0,1.0,0.0,3430000.0,0.0,0.0,6930000.0,0.0,3500000.0,220000.00000000003,4290000.0,0.0,570000.0,0.0,0.0,570000.0,0.0,20000.0,550000.0,0.0,3.66667,3.66667,150000.0,150000.0,https://www.sec.gov/Archives/edgar/data/1016178/000095012300001513/0000950123-00-001513-index.html,https://www.sec.gov/Archives/edgar/data/1016178/0000950123-00-001513.txt
0,1999-09-30,CARV,1999-11-16 00:00:00,1999-11-16 00:00:00,Q2,3650000.0,3560000.0,3650000.0,1.0,0.0,3380000.0,0.0,0.0,6940000.0,0.0,3560000.0,310000.0,4130000.0,0.0,260000.0,0.0,0.0,260000.0,0.0,0.0,260000.0,0.0,1.73333,1.73333,150000.0,150000.0,https://www.sec.gov/Archives/edgar/data/1016178/000088237799000594/0000882377-99-000594-index.html,https://www.sec.gov/Archives/edgar/data/1016178/0000882377-99-000594.txt
0,1999-06-30,CARV,1999-08-16 00:00:00,1999-08-16 00:00:00,Q1,3760000.0,3580000.0,3760000.0,1.0,0.0,2970000.0,0.0,0.0,6550000.0,0.0,3580000.0,300000.0,4670000.0,0.0,790000.0,0.0,0.0,790000.0,0.0,0.0,790000.0,0.0,5.26667,5.26667,150000.0,150000.0,https://www.sec.gov/Archives/edgar/data/1016178/000088237799000435/0000882377-99-000435-index.html,https://www.sec.gov/Archives/edgar/data/1016178/0000882377-99-000435.txt
0,1999-03-31,CARV,1999-06-29 00:00:00,1999-06-29 00:00:00,Q4,4080000.0,3770000.0,4080000.0,1.0,0.0,3310000.0,0.0,0.0,7080000.0,0.0,3770000.0,540000.0,5080000.0,0.0,770000.0,0.0,0.0,770000.0,0.0,10000.0,760000.0,0.0,5.06667,5.06667,150000.0,150000.0,https://www.sec.gov/Archives/edgar/data/1016178/000095012399006066/0000950123-99-006066-index.html,https://www.sec.gov/Archives/edgar/data/1016178/0000950123-99-006066.txt
0,1998-12-31,CARV,1999-02-22 00:00:00,1999-02-22 00:00:00,Q3,3760000.0,3520000.0,3760000.0,1.0,0.0,11330000,0.0,0.0,14850000,0.0,3520000.0,50000.0000000001,-4010000.0,0.0,-7580000.0,0.0,0.0,-7580000.0,0.0,-1850000.0,-5730000.0,0.0,-38.2,-38.2,150000.0,150000.0,https://www.sec.gov/Archives/edgar/data/1016178/000095012399001469/0000950123-99-001469-index.html,https://www.sec.gov/Archives/edgar/data/1016178/0000950123-99-001469.txt
0,1998-09-30,CARV,1998-11-20 00:00:00,1998-11-20 00:00:00,Q2,3940000.0,3630000.0,3940000.0,1.0,0.0,3640000.0,0.0,0.0,7270000.0,0.0,3630000.0,429999.99999999994,4360000.0,0.0,300000.0,0.0,0.0,300000.0,0.0,110000.0,190000.0,0.0,1.26667,1.26667,150000.0,150000.0,https://www.sec.gov/Archives/edgar/data/1016178/000095012398010160/0000950123-98-010160-index.html,https://www.sec.gov/Archives/edgar/data/1016178/0000950123-98-010160.txt
0,1998-06-30,CARV,1998-07-14 00:00:00,1998-07-14 00:00:00,Q1,4270000.0,3890000.0,4270000.0,1.0,0.0,3720000.0,0.0,0.0,7610000.0,0.0,3890000.0,240000.0,4690000.0,0.0,550000.0,0.0,0.0,550000.0,0.0,240000.0,320000.0,0.0,2.13333,2.13333,150000.0,150000.0,https://www.sec.gov/Archives/edgar/data/1016178/000095012398006626/0000950123-98-006626-index.html,https://www.sec.gov/Archives/edgar/data/1016178/0000950123-98-006626.txt
0,1998-03-31,CARV,,,Q4,4410000.0,3680000.0,4410000.0,1.0,0.0,3890000.0,0.0,0.0,7570000.0,0.0,3680000.0,299999.99999999994,4500000.0,0.0,520000.0,0.0,0.0,520000.0,0.0,410000.0,110000.0,0.0,0.73333,0.73333,150000.0,150000.0,,
0,1997-12-31,CARV,1998-02-17 00:00:00,1998-02-17 00:00:00,Q3,3790000.0,3690000.0,3790000.0,1.0,0.0,3220000.0,0.0,0.0,6910000.0,0.0,3690000.0,219999.99999999997,4480000.0,0.0,570000.0,0.0,0.0,570000.0,0.0,270000.0,300000.0,0.0,2.0,2.0,150000.0,150000.0,https://www.sec.gov/Archives/edgar/data/1016178/000095012398001616/0000950123-98-001616-index.html,https://www.sec.gov/Archives/edgar/data/1016178/0000950123-98-001616.txt
0,1997-09-30,CARV,1997-11-14 00:00:00,1997-11-14 00:00:00,Q2,3670000.0,3830000.0,3670000.0,1.0,0.0,3070000.0,0.0,0.0,6900000.0,0.0,3830000.0,220000.00000000003,4650000.0,0.0,600000.0,0.0,0.0,600000.0,0.0,270000.0,330000.0,0.0,2.2,2.2,150000.0,150000.0,https://www.sec.gov/Archives/edgar/data/1016178/000095012397009660/0000950123-97-009660-index.html,https://www.sec.gov/Archives/edgar/data/1016178/0000950123-97-009660.txt
0,1997-06-30,CARV,1997-08-14 00:00:00,1997-08-14 00:00:00,Q1,3300000.0,3820000.0,3300000.0,1.0,0.0,2730000.0,0.0,0.0,6550000.0,0.0,3820000.0,169999.99999999997,4550000.0,0.0,560000.0,0.0,0.0,560000.0,0.0,250000.0,310000.0,0.0,2.06667,2.06667,150000.0,150000.0,https://www.sec.gov/Archives/edgar/data/1016178/000095012397006874/0000950123-97-006874-index.html,https://www.sec.gov/Archives/edgar/data/1016178/0000950123-97-006874.txt
0,1997-03-31,CARV,,,Q4,1840000.0,3080000.0,1840000.0,1.0,0.0,4170000.0,0.0,0.0,7250000.0,0.0,3080000.0,220000.00000000003,960000.0,0.0,-2340000.0,0.0,0.0,-2340000.0,0.0,-970000.0,-1370000.0,0.0,-9.13333,-9.13333,150000.0,150000.0,,
0,1996-12-31,CARV,1997-02-14 00:00:00,1997-02-14 00:00:00,Q3,2870000.0,3140000.0,2870000.0,1.0,0.0,2610000.0,0.0,0.0,5750000.0,0.0,3140000.0,240000.0,3640000.0,0.0,260000.0,0.0,0.0,260000.0,0.0,110000.0,150000.0,0.0,1.07143,1.07143,140000.0,140000.0,https://www.sec.gov/Archives/edgar/data/1016178/000088237797000058/0000882377-97-000058-index.html,https://www.sec.gov/Archives/edgar/data/1016178/0000882377-97-000058.txt
0,1996-09-30,CARV,1996-11-14 00:00:00,1996-11-14 00:00:00,Q2,2760000.0,3130000.0,2760000.0,1.0,0.0,4190000.0,0.0,0.0,7320000.0,0.0,3130000.0,210000.0,1910000.0,0.0,-1430000.0,0.0,0.0,-1430000.0,0.0,-650000.0,-780000.0,0.0,-5.57143,-5.57143,140000.0,140000.0,https://www.sec.gov/Archives/edgar/data/1016178/000089155496000850/0000891554-96-000850-index.html,https://www.sec.gov/Archives/edgar/data/1016178/0000891554-96-000850.txt
