,date,symbol,fillingDate,acceptedDate,period,revenue,costOfRevenue,grossProfit,grossProfitRatio,researchAndDevelopmentExpenses,generalAndAdministrativeExpenses,sellingAndMarketingExpenses,otherExpenses,operatingExpenses,costAndExpenses,interestExpense,depreciationAndAmortization,ebitda,ebitdaratio,operatingIncome,operatingIncomeRatio,totalOtherIncomeExpensesNet,incomeBeforeTax,incomeBeforeTaxRatio,incomeTaxExpense,netIncome,netIncomeRatio,eps,epsdiluted,weightedAverageShsOut,weightedAverageShsOutDil,link,finalLink
0,2020-09-30,FFIN,2020-11-04,2020-11-04 13:08:35,Q3,0.0,0.0,0.0,0.0,0.0,0.0,0.0,0.0,0.0,0.0,0.0,3558000.0,3558000.0,0.0,0.0,0.0,0.0,0.0,0.0,0.0,0.0,0.0,0.0,0.0,142454080,142454080,https://www.sec.gov/Archives/edgar/data/36029/000119312520285377/0001193125-20-285377-index.htm,https://www.sec.gov/Archives/edgar/data/36029/000119312520285377/d34778d10q.htm
0,2020-06-30,FFIN,2020-07-28,2020-07-28 12:14:43,Q2,126154000,0.0,126154000,1.0,0.0,62021000,0.0,0.0,64983000,31322000,2962000.0,2847999.9999999995,69943000,0.641019319557,64133000,0.718689766462,0.0,64133000,0.718689766462,10663000,53470000,0.599186427003,0.37535,0.37535,142454080,142454080,https://www.sec.gov/Archives/edgar/data/36029/000119312520200713/0001193125-20-200713-index.htm,https://www.sec.gov/Archives/edgar/data/36029/000119312520200713/d43046d10q.htm
0,2020-03-31,FFIN,2020-04-24 00:00:00,2020-04-24 11:29:51,Q1,109634000,7198000.0,109634000,1.0,0.0,65168000,0.0,0.0,72366000,30151000,7198000.0,3087000.0,54751000,0.498306593162,44466000,0.549627944921,0.0,44466000,0.549627944921,7234000.0,37232000,0.460211119626,0.26085,0.26085,142735210,142735210,https://www.sec.gov/Archives/edgar/data/36029/000119312520118546/0001193125-20-118546-index.html,https://www.sec.gov/Archives/edgar/data/36029/000119312520118546/d794396d10q.htm
0,2019-12-31,FFIN,2020-02-14 00:00:00,2020-02-14 14:22:44,Q4,102669000,6801000.0,102669000,1.0,0.0,52888000,0.0,0.0,59689000,29090000,6801000.0,2934999.9999999986,59517000,0.605639786517,49781000,0.660909163325,0.0,49781000,0.660909163325,8393000.0,41388000,0.549480895356,0.30307,0.30307,136561050,136561050,https://www.sec.gov/Archives/edgar/data/36029/000119312520037760/0001193125-20-037760-index.html,https://www.sec.gov/Archives/edgar/data/36029/000119312520037760/d876138d10k.htm
0,2019-09-30,FFIN,2019-10-29 00:00:00,2019-10-29 12:53:09,Q3,101307000,7953000.0,101307000,1.0,0.0,49360000,0.0,0.0,57313000,28796000,7953000.0,2784000.000000001,62684000,0.496165971448,51947000,0.715139250265,0.0,51947000,0.715139250265,8867000.0,43080000,0.593056071807,0.31591,0.31591,136369330,136369330,https://www.sec.gov/Archives/edgar/data/36029/000119312519277383/0001193125-19-277383-index.html,https://www.sec.gov/Archives/edgar/data/36029/000119312519277383/d796544d10q.htm
0,2019-06-30,FFIN,2019-07-30 00:00:00,2019-07-30 14:52:04,Q2,99591000,7961000.0,99591000,1.0,0.0,48904000,0.0,0.0,56865000,26757000,7961000.0,2963999.9999999995,61612000,0.394614315241,50687000,0.3728126632,0.0,50687000,0.3728126632,8594000.0,42093000,0.309614352019,0.30901,0.30901,136218240,136218240,https://www.sec.gov/Archives/edgar/data/36029/000119312519206876/0001193125-19-206876-index.html,https://www.sec.gov/Archives/edgar/data/36029/000119312519206876/d778265d10q.htm
0,2019-03-31,FFIN,2019-04-30 00:00:00,2019-04-30 16:17:35,Q1,93951000,7387000.0,93951000,1.0,0.0,48332000,0.0,0.0,55719000,27693000,7387000.0,2982000.0,55988000,9.38968315301,45619000,8.8135625966,0.0,45619000,8.8135625966,7367000.0,38252000,7.39026275116,0.28067,0.28067,136286860,136286860,https://www.sec.gov/Archives/edgar/data/36029/000119312519129375/0001193125-19-129375-index.html,https://www.sec.gov/Archives/edgar/data/36029/000119312519129375/d719938d10q.htm
0,2018-12-31,FFIN,2019-02-19 00:00:00,2019-02-19 08:23:32,Q4,95072000,6207000.0,95072000,1.0,0.0,50036000,0.0,0.0,56243000,24698000,6207000.0,2949000.0,54856000,8.40731664625,45036000,7.88307369158,0.0,45036000,7.88307369158,7264000.0,38436000,6.7278137581,0.28226,0.28226,136173590,136173590,https://www.sec.gov/Archives/edgar/data/36029/000119312519043555/0001193125-19-043555-index.html,https://www.sec.gov/Archives/edgar/data/36029/000119312519043555/d683596d10k.htm
0,2018-09-30,FFIN,2018-10-30 00:00:00,2018-10-30 11:34:22,Q3,96500000,4600000.0,96500000,1.0,0.0,49000000,0.0,0.0,53600000,26655000,4600000.0,3199999.999999999,55400000,8.89931470743,47500000,8.35090493762,0.0,47500000,8.35090493762,7500000.0,40100000,7.03742751713,0.29464,0.29464,136100000,136100000,https://www.sec.gov/Archives/edgar/data/36029/000119312518311564/0001193125-18-311564-index.html,https://www.sec.gov/Archives/edgar/data/36029/000119312518311564/d649726d10q.htm
0,2018-06-30,FFIN,2018-07-31 00:00:00,2018-07-31 11:24:16,Q2,93100000,4500000.0,93100000,1.0,0.0,48200000,0.0,0.0,52700000,27246000,4500000.0,3200000.0,52500000,160.37313432835822,44900000,4.552238805970149,0.0,44900000,669.4029850746268,7200000.0,37600000,561.6865671641791,0.27688,0.27688,135800000,135800000,https://www.sec.gov/Archives/edgar/data/36029/000119312518232721/0001193125-18-232721-index.html,https://www.sec.gov/Archives/edgar/data/36029/000119312518232721/d800246d10q.htm
0,2018-03-31,FFIN,2018-05-02 00:00:00,2018-05-02 09:16:05,Q1,89800000,3600000.0,89800000,1.0,0.0,49100000,0.0,0.0,52700000,26590000,3600000.0,3200000.0,47500000,0.561612858867,40800000,0.622836101392,0.0,40800000,0.622836101392,6200000.0,34500000,0.527418295161,0.25442,0.25442,135600000,135600000,https://www.sec.gov/Archives/edgar/data/36029/000119312518147772/0001193125-18-147772-index.html,https://www.sec.gov/Archives/edgar/data/36029/000119312518147772/d576248d10q.htm
0,2017-12-31,FFIN,2018-02-16 00:00:00,2018-02-16 10:40:59,Q4,83200000,2600000.0,83200000,1.0,0.0,45500000,0.0,0.0,48100000,23943000,2600000.0,3500000.0,51400000,0.555539133576,37700000,0.618468157782,0.0,37700000,0.618468157782,9200000.0,36100000,0.593556015371,0.27266,0.27266,132400000,132400000,https://www.sec.gov/Archives/edgar/data/36029/000119312518048057/0001193125-18-048057-index.html,https://www.sec.gov/Archives/edgar/data/36029/000119312518048057/d494308d10k.htm
0,2017-09-30,FFIN,2017-10-31 00:00:00,2017-10-31 12:30:06,Q3,84000000,2900000.0,84000000,1.0,0.0,45400000,0.0,0.0,48300000,24287000,2900000.0,3200000.0,44700000,0.576145958987,38600000,0.646160032167,0.0,38600000,0.646160032167,9200000.0,29400000,0.492108966626,0.22139,0.22139,132800000,132800000,https://www.sec.gov/Archives/edgar/data/36029/000119312517326513/0001193125-17-326513-index.html,https://www.sec.gov/Archives/edgar/data/36029/000119312517326513/d453142d10q.htm
0,2017-06-30,FFIN,2017-07-28 00:00:00,2017-07-28 10:08:07,Q2,82300000,2100000.0,82300000,1.0,0.0,45500000,0.0,0.0,47600000,23630000,2100000.0,3300000.0000000005,42200000,0.546720825929,36800000,0.622069899298,0.0,36800000,0.622069899298,8500000.0,28300000,0.478209359397,0.21326,0.21326,132700000,132700000,https://www.sec.gov/Archives/edgar/data/36029/000119312517239614/0001193125-17-239614-index.html,https://www.sec.gov/Archives/edgar/data/36029/000119312517239614/d410813d10q.htm
0,2017-03-31,FFIN,2017-05-02 00:00:00,2017-05-02 10:37:05,Q1,78300000,1800000.0,78300000,1.0,0.0,44200000,0.0,0.0,46000000,23427000,1800000.0,2900000.0,38900000,0.51338126973,34200000,0.599859698351,0.0,34200000,0.599859698351,7600000.0,26600000,0.466485443704,0.20045,0.20045,132700000,132700000,https://www.sec.gov/Archives/edgar/data/36029/000119312517153231/0001193125-17-153231-index.html,https://www.sec.gov/Archives/edgar/data/36029/000119312517153231/d370116d10q.htm
0,2016-12-31,FFIN,2017-02-17 00:00:00,2017-02-17 09:11:21,Q4,78200000,1400000.0,78200000,1.0,0.0,44000000,0.0,0.0,45400000,22501000,1400000.0,3000000.0,38700000,0.521632234329,34300000,0.606250884392,0.0,34300000,0.606250884392,7600000.0,26700000,0.471664072449,0.2003,0.2003,133300000,133300000,https://www.sec.gov/Archives/edgar/data/36029/000119312517047421/0001193125-17-047421-index.html,https://www.sec.gov/Archives/edgar/data/36029/000119312517047421/d292013d10k.htm
0,2016-09-30,FFIN,2016-10-25 00:00:00,2016-10-25 16:21:11,Q3,78900000,1400000.0,78900000,1.0,0.0,45800000,0.0,0.0,47200000,23103000,1400000.0,2899999.9999999995,37300000,0.504504028064,33000000,0.582473954202,0.0,33000000,0.582473954202,7400000.0,25600000,0.451337105787,0.1935,0.1935,132300000,132300000,https://www.sec.gov/Archives/edgar/data/36029/000119312516746599/0001193125-16-746599-index.html,https://www.sec.gov/Archives/edgar/data/36029/000119312516746599/d268657d10q.htm
0,2016-06-30,FFIN,2016-07-28,2016-07-28 11:08:17,Q2,78000000,1300000.0,78000000,1.0,0.0,42900000,0.0,0.0,44200000,22346000,1300000.0,2900000.0000000005,39400000,0.54982228431,35200000,0.622004915917,0.0,35200000,0.622004915917,8400000.0,26800000,0.474067655744,0.20257,0.20257,132300000,132300000,https://www.sec.gov/Archives/edgar/data/36029/000119312516661536/d209433d10q.htm,https://www.sec.gov/Archives/edgar/data/36029/000119312516661536/d209433d10q.htm
0,2016-03-31,FFIN,2016-05-04 00:00:00,2016-05-04 16:33:23,Q1,76800000,1300000.0,76800000,1.0,0.0,43400000,0.0,0.0,44700000,22789000,1300000.0,2800000.0,37500000,0.513687459446,33400000,0.586342353086,0.0,33400000,0.586342353086,7700000.0,25700000,0.450625186328,0.1944,0.1944,132200000,132200000,https://www.sec.gov/Archives/edgar/data/36029/000119312516577714/0001193125-16-577714-index.html,https://www.sec.gov/Archives/edgar/data/36029/000119312516577714/d177600d10q.htm
0,2015-12-31,FFIN,2016-02-19 00:00:00,2016-02-19 11:35:03,Q4,77300000,1000000.0,77300000,1.0,0.0,44500000,0.0,0.0,45500000,21551000,1000000.0,3000000.0,36800000,0.493543214772,32800000,0.564852330132,0.0,32800000,0.564852330132,7600000.0,25200000,0.434337339011,0.1937,0.1937,130100000,130100000,https://www.sec.gov/Archives/edgar/data/36029/000119312516469386/0001193125-16-469386-index.html,https://www.sec.gov/Archives/edgar/data/36029/000119312516469386/d24601d10k.htm
0,2015-09-30,FFIN,2015-10-28 00:00:00,2015-10-28 12:29:29,Q3,76500000,1100000.0,76500000,1.0,0.0,42700000,0.0,0.0,43800000,21848000,1100000.0,3000000.0,38000000,0.52718456986,33900000,0.604442226104,0.0,33900000,0.604442226104,8000000.0,25900000,0.461442475668,0.19771,0.19771,131000000,131000000,https://www.sec.gov/Archives/edgar/data/36029/000119312515355891/0001193125-15-355891-index.html,https://www.sec.gov/Archives/edgar/data/36029/000119312515355891/d16090d10q.htm
0,2015-06-30,FFIN,2015-08-04 00:00:00,2015-08-04 10:19:08,Q2,70100000,1000000.0,70100000,1.0,0.0,36800000,0.0,0.0,37800000,19245000,1000000.0,2599999.9999999995,37000000,0.551235263771,33400000,0.637885243709,0.0,33400000,0.637885243709,8100000.0,25300000,0.483520262912,0.19658,0.19658,128700000,128700000,https://www.sec.gov/Archives/edgar/data/36029/000119312515275928/0001193125-15-275928-index.html,https://www.sec.gov/Archives/edgar/data/36029/000119312515275928/d937534d10q.htm
0,2015-03-31,FFIN,2015-05-04 00:00:00,2015-05-04 16:15:27,Q1,67000000,1000000.0,67000000,1.0,0.0,35200000,0.0,0.0,36200000,18355000,1000000.0,2500000.0,35300000,0.552026458443,31800000,0.621597291532,0.0,31800000,0.621597291532,7800000.0,24000000,0.46961780074,0.18663,0.18663,128600000,128600000,https://www.sec.gov/Archives/edgar/data/36029/000119312515169028/0001193125-15-169028-index.html,https://www.sec.gov/Archives/edgar/data/36029/000119312515169028/d902098d10q.htm
0,2014-12-31,FFIN,2015-02-20,2015-02-20 10:06:12,Q4,67100000,1000000.0,67100000,1.0,0.0,37200000,0.0,0.0,38200000,17608000,1000000.0,3100000.0000000005,34000000,0.548110137172,29900000,0.597308467943,0.0,29900000,0.597308467943,7300000.0,22600000,0.450991354352,0.1756,0.1756,128700000,128700000,https://www.sec.gov/Archives/edgar/data/36029/000119312515055256/d857917d10k.htm,https://www.sec.gov/Archives/edgar/data/36029/000119312515055256/d857917d10k.htm
0,2014-09-30,FFIN,2014-11-04 00:00:00,2014-11-04 13:46:04,Q3,66200000,1100000.0,66200000,1.0,0.0,34900000,0.0,0.0,36000000,18012000,1100000.0,1600000.0000000005,33900000,0.568129283011,31300000,0.639725887286,0.0,31300000,0.639725887286,7800000.0,23400000,0.479308581364,0.18196,0.18196,128600000,128600000,https://www.sec.gov/Archives/edgar/data/36029/000119312514395859/0001193125-14-395859-index.html,https://www.sec.gov/Archives/edgar/data/36029/000119312514395859/d787901d10q.htm
0,2014-06-30,FFIN,2014-07-31 00:00:00,2014-07-31 11:20:15,Q2,64100000,1000000.0,64100000,1.0,0.0,36100000,0.0,0.0,37100000,17347000,1000000.0,2300000.0,31300000,0.524814899309,28000000,0.579961424394,0.0,28000000,0.579961424394,6800000.0,21200000,0.439782649273,0.16485,0.16485,128600000,128600000,https://www.sec.gov/Archives/edgar/data/36029/000119312514288680/0001193125-14-288680-index.html,https://www.sec.gov/Archives/edgar/data/36029/000119312514288680/d748133d10q.htm
0,2014-03-31,FFIN,2014-04-29 00:00:00,2014-04-29 12:16:04,Q1,63600000,1000000.0,63600000,1.0,0.0,34100000,0.0,0.0,35100000,17489000,1000000.0,2300000.0,32700000,0.574565959341,29400000,0.624085811799,0.0,29400000,0.624085811799,7100000.0,22300000,0.473491191995,0.17368,0.17368,128400000,128400000,https://www.sec.gov/Archives/edgar/data/36029/000119312514166003/0001193125-14-166003-index.html,https://www.sec.gov/Archives/edgar/data/36029/000119312514166003/d703708d10q.htm
0,2013-12-31,FFIN,2014-02-21,2014-02-21 11:10:09,Q4,62500000,1100000.0,62500000,1.0,0.0,34300000,0.0,0.0,35400000,17578000,1100000.0,2199999.999999999,31500000,0.555215249518,28200000,0.604326408224,0.0,28200000,0.604326408224,7000000.0,21200000,0.454893981581,0.16485,0.16485,128600000,128600000,https://www.sec.gov/Archives/edgar/data/36029/000119312514062163/d638795d10k.htm,https://www.sec.gov/Archives/edgar/data/36029/000119312514062163/d638795d10k.htm
0,2013-09-30,FFIN,2013-10-29 00:00:00,2013-10-29 15:01:03,Q3,62600000,1200000.0,62600000,1.0,0.0,36800000,0.0,0.0,38000000,17577000,1200000.0,2300000.000000001,29200000,0.509973579921,25700000,0.565455746367,0.0,25700000,0.565455746367,6100000.0,19600000,0.430691325407,0.15253,0.15253,128500000,128500000,https://www.sec.gov/Archives/edgar/data/36029/000119312513415722/0001193125-13-415722-index.html,https://www.sec.gov/Archives/edgar/data/36029/000119312513415722/d590325d10q.htm
0,2013-06-30,FFIN,2013-07-30 00:00:00,2013-07-30 11:29:23,Q2,56700000,900000.0,56700000,1.0,0.0,30700000,0.0,0.0,31600000,31374000,900000.0,2099999.9999999995,28900000,0.57233912512,25900000,0.632011575258,0.0,25900000,0.632011575258,6400000.0,19500000,0.474822566764,0.1533,0.1533,127200000,127200000,https://www.sec.gov/Archives/edgar/data/36029/000119312513309156/0001193125-13-309156-index.html,https://www.sec.gov/Archives/edgar/data/36029/000119312513309156/d544379d10q.htm
0,2013-03-31,FFIN,2013-04-26 00:00:00,2013-04-26 10:19:11,Q1,52700000,900000.0,52700000,1.0,0.0,27900000,0.0,0.0,28800000,0.0,900000.0,2000000.0,27700000,0.0,24800000,0.0,0.0,24800000,0.0,6200000.0,18600000,0.0,0.14715,0.14715,126400000,126400000,https://www.sec.gov/Archives/edgar/data/36029/000119312513176134/0001193125-13-176134-index.html,https://www.sec.gov/Archives/edgar/data/36029/000119312513176134/d503862d10q.htm
0,2013-03-25,FFIN,2013-04-26 00:00:00,2013-04-26 10:19:11,Q1,222000.0,0.0,222000.0,1.0,0.0,0.0,0.0,0.0,0.0,0.0,0.0,4208000.0,28967000,130.481981981982,24759000,111.52702702702703,0.0,24759000,111.52702702702703,6182000.0,18577000,83.68018018018019,0.59,0.59,0.0,0.0,https://www.sec.gov/Archives/edgar/data/36029/000119312513176134/0001193125-13-176134-index.html,https://www.sec.gov/Archives/edgar/data/36029/000119312513176134/d503862d10q.htm
0,2012-12-31,FFIN,2013-02-22 00:00:00,2013-02-22 11:14:37,Q4,53700000,1000000.0,53700000,1.0,0.0,29200000,0.0,0.0,30200000,14886000,1000000.0,2000000.0,27400000,0.78605527314,24400000,0.630273785255,0.0,24400000,0.630273785255,6100000.0,18300000,0.472685985601,0.14501,0.14501,126200000,126200000,https://www.sec.gov/Archives/edgar/data/36029/000119312513070816/0001193125-13-070816-index.html,https://www.sec.gov/Archives/edgar/data/36029/000119312513070816/d446424d10k.htm
0,2012-09-30,FFIN,2012-10-31 00:00:00,2012-10-31 13:12:00,Q3,54600000,1200000.0,54600000,1.0,0.0,28000000,0.0,0.0,29200000,14883000,1200000.0,2000000.0000000005,29800000,0.835830052661,26600000,0.680709647733,0.0,26600000,0.680709647733,6800000.0,19800000,0.506160846669,0.15714,0.15714,126000000,126000000,https://www.sec.gov/Archives/edgar/data/36029/000119312512443133/0001193125-12-443133-index.html,https://www.sec.gov/Archives/edgar/data/36029/000119312512443133/d413150d10q.htm
0,2012-06-30,FFIN,2012-07-27 00:00:00,2012-07-27 16:05:07,Q2,52100000,1400000.0,52100000,1.0,0.0,27500000,0.0,0.0,28900000,14227000,1400000.0,2000000.0,28000000,0.476820329892,24500000,0.397732154713,0.0,24500000,0.397732154713,6200000.0,18400000,0.238904872873,0.14615,0.14615,125900000,125900000,https://www.sec.gov/Archives/edgar/data/36029/000119312512319469/0001193125-12-319469-index.html,https://www.sec.gov/Archives/edgar/data/36029/000119312512319469/d358931d10q.htm
0,2012-03-31,FFIN,2012-05-03,2012-05-03 17:27:40,Q1,51600000,1500000.0,51600000,1.0,0.0,27800000,0.0,0.0,29300000,14273000,1500000.0,1900000.0,27200000,84.64739884393063,23800000,68.76011560693641,0.0,23800000,68.76011560693641,6000000.0,17800000,51.31791907514451,0.14138,0.14138,125900000,125900000,https://www.sec.gov/Archives/edgar/data/36029/000119312512072406/d265409d10k.htm,https://www.sec.gov/Archives/edgar/data/36029/000119312512072406/d265409d10k.htm
0,2011-12-31,FFIN,2012-02-22 00:00:00,2012-02-22 14:28:09,Q4,51000000,1700000.0,51000000,1.0,0.0,27500000,0.0,0.0,29200000,13588000,1700000.0,1900000.0000000005,27100000,0.0,23500000,0.0,0.0,23500000,0.0,6000000.0,17500000,0.0,0.13889,0.13889,126000000,126000000,https://www.sec.gov/Archives/edgar/data/36029/000119312512072406/0001193125-12-072406-index.html,https://www.sec.gov/Archives/edgar/data/36029/000119312512072406/d265409d10k.htm
0,2011-09-30,FFIN,2011-11-01 00:00:00,2011-11-01 09:07:51,Q3,52200000,1900000.0,52200000,1.0,0.0,27700000,0.0,5166000.0,29600000,14209000,1900000.0,1900000.0,28400000,422.3134328358209,24500000,366.3731343283582,0.0,24500000,366.3731343283582,6500000.0,18100000,269.95522388059703,0.14376,0.14376,125900000,125900000,https://www.sec.gov/Archives/edgar/data/36029/000119312511289879/0001193125-11-289879-index.html,https://www.sec.gov/Archives/edgar/data/36029/000119312511289879/d225273d10q.htm
0,2011-06-30,FFIN,2011-08-02 00:00:00,2011-08-02 16:20:07,Q2,50100000,2100000.0,50100000,1.0,0.0,27800000,0.0,4702000.0,29900000,28459000,2100000.0,1800000.0,26100000,696.4285714285714,22300000,529.952380952381,0.0,22300000,529.952380952381,5700000.0,16500000,393.3333333333333,0.12931,0.12931,127600000,127600000,https://www.sec.gov/Archives/edgar/data/36029/000119312511206373/0001193125-11-206373-index.html,https://www.sec.gov/Archives/edgar/data/36029/000119312511206373/d10q.htm
0,2011-03-31,FFIN,2011-05-04 00:00:00,2011-05-04 16:31:00,Q1,50100000,2400000.0,50100000,1.0,0.0,28300000,0.0,4677000.0,30700000,0.0,2400000.0,1800000.0,26100000,108.08675799086758,21900000,99.91324200913242,0.0,21900000,99.91324200913242,5600000.0,16300000,74.40639269406392,0.12957,0.12957,125800000,125800000,https://www.sec.gov/Archives/edgar/data/36029/000095012311044673/0000950123-11-044673-index.html,https://www.sec.gov/Archives/edgar/data/36029/000095012311044673/w82123e10vq.htm
0,2010-12-31,FFIN,2011-02-24,2011-02-24 11:55:52,Q4,49100000,2900000.0,49100000,1.0,0.0,28300000,0.0,0.0,31200000,0.0,2900000.0,1799999.9999999998,24200000,0.0,20800000,0.0,0.0,20800000,0.0,5300000.0,14200000,0.0,0.11315,0.11315,125500000,125500000,https://www.sec.gov/Archives/edgar/data/36029/000095012311017648/w80902e10vk.htm,https://www.sec.gov/Archives/edgar/data/36029/000095012311017648/w80902e10vk.htm
0,2010-09-30,FFIN,2010-11-02 00:00:00,2010-11-02 14:18:27,Q3,46800000,3300000.0,46800000,1.0,0.0,26700000,0.0,4727000.0,30000000,0.0,3300000.0,1799999.9999999998,26500000,69.95527156549521,20100000,64.36741214057508,0.0,20100000,64.36741214057508,5200000.0,16200000,47.70926517571885,0.1295,0.1295,125100000,125100000,https://www.sec.gov/Archives/edgar/data/36029/000095012310099349/0000950123-10-099349-index.html,https://www.sec.gov/Archives/edgar/data/36029/000095012310099349/w79855e10vq.htm
0,2010-06-30,FFIN,2010-07-29 00:00:00,2010-07-29 08:02:31,Q2,46100000,3600000.0,46100000,1.0,0.0,27000000,0.0,4554000.0,30600000,0.0,3600000.0,1700000.0,24400000,353.4406779661017,19100000,323.79661016949154,0.0,19100000,323.79661016949154,4900000.0,14200000,240.64406779661016,0.11216,0.11216,126600000,126600000,https://www.sec.gov/Archives/edgar/data/36029/000095012310069428/0000950123-10-069428-index.html,https://www.sec.gov/Archives/edgar/data/36029/000095012310069428/w79221e10vq.htm
0,2010-03-31,FFIN,2010-05-04 00:00:00,2010-05-04 17:29:03,Q1,43700000,3700000.0,43700000,1.0,0.0,25300000,0.0,4031000.0,29000000,0.0,3700000.0,1800000.0,23900000,1835.0,18400000,1673.4545454545455,0.0,18400000,1673.4545454545455,4700000.0,13700000,1247.0,0.10942,0.10942,125200000,125200000,https://www.sec.gov/Archives/edgar/data/36029/000095012310043693/0000950123-10-043693-index.html,https://www.sec.gov/Archives/edgar/data/36029/000095012310043693/w78343e10vq.htm
0,2009-12-31,FFIN,2010-02-19 00:00:00,2010-02-19 15:44:44,Q4,44600000,3900000.0,44600000,1.0,0.0,28100000,0.0,0.0,32000000,0.0,3900000.0,1900000.0000000005,22300000,0.0,16600000,0.0,0.0,16600000,0.0,4000000.0,12500000,0.0,0.09992,0.09992,125100000,125100000,https://www.sec.gov/Archives/edgar/data/36029/000095012310014533/0000950123-10-014533-index.html,https://www.sec.gov/Archives/edgar/data/36029/000095012310014533/w77414e10vk.htm
0,2009-09-30,FFIN,2009-11-03 00:00:00,2009-11-03 17:27:14,Q3,45500000,4000000.0,45500000,1.0,0.0,26700000,0.0,5760520000,30700000,0.0,4000000.0,1900000.0,24700000,75.77991103815687,18700000,68.6550530180342,0.0,18700000,68.6550530180342,4800000.0,14000000,51.245055436272104,0.11191,0.11191,125100000,125100000,https://www.sec.gov/Archives/edgar/data/36029/000095012309056986/0000950123-09-056986-index.html,https://www.sec.gov/Archives/edgar/data/36029/000095012309056986/w76119e10vq.htm
0,2009-06-30,FFIN,2009-07-31 00:00:00,2009-07-31 11:25:27,Q2,44200000,4300000.0,44200000,1.0,0.0,26000000,0.0,11385685000,30300000,0.0,4300000.0,1900000.0,24500000,63.24381282675591,18300000,60.09347145148968,0.0,18300000,60.09347145148968,4700000.0,13600000,44.234522942461766,0.1088,0.1088,125000000,125000000,https://www.sec.gov/Archives/edgar/data/36029/000095012309028133/0000950123-09-028133-index.html,https://www.sec.gov/Archives/edgar/data/36029/000095012309028133/w75066e10vq.htm
0,2009-03-31,FFIN,2009-05-05 00:00:00,2009-05-05 11:18:09,Q1,43400000,5000000.0,43400000,1.0,0.0,24700000,0.0,5477685000,29700000,0.0,5000000.0,2000000.0,25700000,33.589454269988984,18800000,30.417003391854035,0.0,18800000,30.417003391854035,5000000.0,13700000,22.228845520595254,0.10951,0.10951,125100000,125100000,https://www.sec.gov/Archives/edgar/data/36029/000095013309001429/0000950133-09-001429-index.html,https://www.sec.gov/Archives/edgar/data/36029/000095013309001429/w73887e10vq.htm
0,2008-12-31,FFIN,2009-02-24 00:00:00,2009-02-24 14:01:47,Q4,44000000,6600000.0,44000000,1.0,0.0,26200000,0.0,0.0,32800000,0.0,6600000.0,2000000.0,26400000,0.0,17800000,0.0,0.0,17800000,0.0,4800000.0,13000000,0.0,0.10383,0.10383,125200000,125200000,https://www.sec.gov/Archives/edgar/data/36029/000095013309000429/0000950133-09-000429-index.html,https://www.sec.gov/Archives/edgar/data/36029/000095013309000429/w72885e10vk.htm
0,2008-09-30,FFIN,2008-10-31 00:00:00,2008-10-31 16:47:10,Q3,43700000,7800000.0,43700000,1.0,0.0,25200000,0.0,6128628000,33000000,0.0,7800000.0,2000000.0,28400000,7718.833020637899,18500000,6957.078048780488,0.0,18500000,6957.078048780488,5200000.0,13400000,5013.68818011257,0.10711,0.10711,125100000,125100000,https://www.sec.gov/Archives/edgar/data/36029/000095013308003499/0000950133-08-003499-index.html,https://www.sec.gov/Archives/edgar/data/36029/000095013308003499/w71351e10vq.htm
0,2008-06-30,FFIN,2008-07-25 00:00:00,2008-07-25 14:21:15,Q2,43500000,8900000.0,43500000,1.0,0.0,24400000,0.0,5902337000,33300000,0.0,8900000.0,2000000.0,29900000,15.899584856333664,19000000,14.392195783205441,0.0,19000000,14.392195783205441,5400000.0,13600000,10.289468150129505,0.1088,0.1088,125000000,125000000,https://www.sec.gov/Archives/edgar/data/36029/000095013308002506/0000950133-08-002506-index.html,https://www.sec.gov/Archives/edgar/data/36029/000095013308002506/w63845e10vq.htm
0,2008-03-31,FFIN,2008-04-30 00:00:00,2008-04-30 17:20:44,Q1,42100000,11900000,42100000,1.0,0.0,23800000,0.0,5589587000,35700000,0.0,11900000,2000000.0,32400000,51.890093545536274,18400000,46.8921208324101,0.0,18400000,46.8921208324101,5300000.0,13200000,33.520607778567296,0.10577,0.10577,124800000,124800000,https://www.sec.gov/Archives/edgar/data/36029/000095013308001718/0000950133-08-001718-index.html,https://www.sec.gov/Archives/edgar/data/36029/000095013308001718/w56850e10vq.htm
0,2007-12-31,FFIN,2008-02-22,2008-02-22 11:10:53,Q4,41700000,14200000,41700000,1.0,0.0,24100000,0.0,0.0,38300000,0.0,14200000,2000000.0,33700000,0.0,17500000,0.0,0.0,17500000,0.0,5000000.0,12500000,0.0,0.10016,0.10016,124800000,124800000,https://www.sec.gov/Archives/edgar/data/36029/000095013308000723/w50065e10vk.htm,https://www.sec.gov/Archives/edgar/data/36029/000095013308000723/w50065e10vk.htm
0,2007-09-30,FFIN,2007-10-29 00:00:00,2007-10-29 13:11:11,Q3,39700000,14800000,39700000,1.0,0.0,22500000,0.0,5711097000,37300000,0.0,14800000,2000000.0,34100000,359.3266661133704,17300000,477.8434448225302,0.0,17300000,477.8434448225302,5000000.0,12300000,338.91564998478435,0.09816,0.09816,125300000,125300000,https://www.sec.gov/Archives/edgar/data/36029/000095013307004281/0000950133-07-004281-index.html,https://www.sec.gov/Archives/edgar/data/36029/000095013307004281/w41459e10vq.htm
0,2007-06-30,FFIN,2007-07-30 00:00:00,2007-07-30 15:21:09,Q2,40200000,15000000,40200000,1.0,0.0,21400000,0.0,5103111000,36400000,0.0,15000000,1900000.0,35700000,12.927750447061268,18700000,11.736970297323568,0.0,18700000,11.736970297323568,5500000.0,13300000,8.205582020593262,0.10615,0.10615,125300000,125300000,https://www.sec.gov/Archives/edgar/data/36029/000095013307003111/0000950133-07-003111-index.html,https://www.sec.gov/Archives/edgar/data/36029/000095013307003111/w37565e10vq.htm
0,2007-03-31,FFIN,2007-05-02 00:00:00,2007-05-02 17:15:26,Q1,37500000,14500000,37500000,1.0,0.0,21100000,0.0,5341333000,35600000,0.0,14500000,1900000.0,32800000,110.85061232006385,16400000,99.05255210091771,0.0,16400000,99.05255210091771,4900000.0,11500000,70.36254258616985,0.09215,0.09215,124800000,124800000,https://www.sec.gov/Archives/edgar/data/36029/000095013307002033/0000950133-07-002033-index.html,https://www.sec.gov/Archives/edgar/data/36029/000095013307002033/w34384e10vq.htm
0,2006-12-31,FFIN,2007-02-26 00:00:00,2007-02-26 17:24:45,Q4,38000000,13600000,38000000,1.0,0.0,21300000,0.0,0.0,34900000,0.0,13600000,2099999.9999999995,32300000,0.0,16700000,0.0,0.0,16700000,0.0,4900000.0,11700000,0.0,0.09375,0.09375,124800000,124800000,https://www.sec.gov/Archives/edgar/data/36029/000095013307000799/0000950133-07-000799-index.html,https://www.sec.gov/Archives/edgar/data/36029/000095013307000799/w30822e10vk.htm
0,2006-09-30,FFIN,2006-11-01,2006-11-01 14:27:10,Q3,37900000,12700000,37900000,1.0,0.0,21700000,0.0,5027968000,34400000,0.0,12700000,2100000.0000000005,31000000,97.62102668524274,16200000,86.52367913406923,0.0,16200000,86.52367913406923,4800000.0,11400000,61.11221198156682,0.09142,0.09142,124700000,124700000,https://www.sec.gov/Archives/edgar/data/36029/000095013306004658/w26402e10vq.htm,https://www.sec.gov/Archives/edgar/data/36029/000095013306004658/w26402e10vq.htm
0,2006-06-30,FFIN,2006-08-01 00:00:00,2006-08-01 12:05:24,Q2,37500000,11600000,37500000,1.0,0.0,21200000,0.0,5310288000,32800000,0.0,11600000,1999999.9999999998,29900000,36.39038910614192,16300000,32.35628214869655,0.0,16300000,32.35628214869655,4900000.0,11400000,22.771326047953025,0.09142,0.09142,124700000,124700000,https://www.sec.gov/Archives/edgar/data/36029/000095013306003459/0000950133-06-003459-index.html,https://www.sec.gov/Archives/edgar/data/36029/000095013306003459/w23740e10vq.htm
0,2006-03-31,FFIN,,,Q1,37200000,10800000,37200000,1.0,0.0,20800000,0.0,0.0,31600000,0.0,10800000,1800000.0,29000000,0.0,16300000,0.0,0.0,16300000,0.0,4900000.0,11500000,0.0,0.09222,0.09222,124700000,124700000,,
0,2005-12-31,FFIN,,,Q4,34800000,9000000.0,34800000,1.0,0.0,19800000,0.0,0.0,28800000,0.0,9000000.0,1799999.9999999998,25800000,0.0,15000000,0.0,0.0,15000000,0.0,4400000.0,10600000,0.0,0.085,0.085,124700000,124700000,,
0,2005-09-30,FFIN,,,Q3,34100000,7500000.0,34100000,1.0,0.0,19000000,0.0,0.0,26500000,0.0,7500000.0,1600000.0,24200000,0.0,15100000,0.0,0.0,15100000,0.0,4300000.0,10800000,0.0,0.08661,0.08661,124700000,124700000,,
0,2005-06-30,FFIN,,,Q2,34200000,6600000.0,34200000,1.0,0.0,19200000,0.0,0.0,25800000,0.0,6600000.0,1500000.0,23200000,0.0,15100000,0.0,0.0,15100000,0.0,4500000.0,10600000,0.0,0.08419,0.08419,125900000,125900000,,
0,2005-03-31,FFIN,,,Q1,36300000,5700000.0,36300000,1.0,0.0,18900000,0.0,0.0,24600000,0.0,5700000.0,1400000.0,24400000,0.0,17300000,0.0,0.0,17300000,0.0,5200000.0,12100000,0.0,0.09711,0.09711,124600000,124600000,,
0,2004-12-31,FFIN,,,Q4,31700000,4700000.0,31700000,1.0,0.0,17500000,0.0,0.0,22200000,0.0,4700000.0,1500000.0,20400000,0.0,14100000,0.0,0.0,14100000,0.0,4100000.0,10100000,0.0,0.08106,0.08106,124600000,124600000,,
0,2004-09-30,FFIN,,,Q3,31200000,4100000.0,31200000,1.0,0.0,17300000,0.0,0.0,21400000,0.0,4100000.0,1000000.0,19000000,0.0,13800000,0.0,0.0,13800000,0.0,4000000.0,9900000.0,0.0,0.07952,0.07952,124500000,124500000,,
0,2004-06-30,FFIN,,,Q2,29700000,3600000.0,29700000,1.0,0.0,16800000,0.0,0.0,20400000,0.0,3600000.0,1300000.0,17700000,0.0,12800000,0.0,0.0,12800000,0.0,3600000.0,9200000.0,0.0,0.0739,0.0739,124500000,124500000,,
0,2004-03-31,FFIN,,,Q1,30300000,3700000.0,30300000,1.0,0.0,16100000,0.0,0.0,19800000,0.0,3700000.0,1200000.0,19100000,0.0,14200000,0.0,0.0,14200000,0.0,4100000.0,10100000,0.0,0.08112,0.08112,124500000,124500000,,
0,2003-12-31,FFIN,,,Q4,27600000,3800000.0,27600000,1.0,0.0,15800000,0.0,0.0,19600000,0.0,3800000.0,1099999.9999999995,16600000,0.0,11700000,0.0,0.0,11700000,0.0,3200000.0,8500000.0,0.0,0.06827,0.06827,124500000,124500000,,
0,2003-09-30,FFIN,,,Q3,28000000,4100000.0,28000000,1.0,0.0,15100000,0.0,0.0,19200000,0.0,4100000.0,1100000.0,18000000,0.0,12800000,0.0,0.0,12800000,0.0,3700000.0,9100000.0,0.0,0.07321,0.07321,124300000,124300000,,
0,2003-06-30,FFIN,,,Q2,29000000,4500000.0,29000000,1.0,0.0,15700000,0.0,0.0,20200000,0.0,4500000.0,1000000.0,18700000,0.0,13300000,0.0,0.0,13300000,0.0,4000000.0,9200000.0,0.0,0.07407,0.07407,124200000,124200000,,
0,2003-03-31,FFIN,,,Q1,27700000,4700000.0,27700000,1.0,0.0,15600000,0.0,0.0,20300000,0.0,4700000.0,1100000.0,17900000,0.0,12100000,0.0,0.0,12100000,0.0,3600000.0,8500000.0,0.0,0.06849,0.06849,124100000,124100000,,
0,2002-12-31,FFIN,,,Q4,28300000,5200000.0,28300000,1.0,0.0,16000000,0.0,0.0,21200000,0.0,5200000.0,899999.9999999995,18400000,0.0,12200000,0.0,0.0,12200000,0.0,3700000.0,8600000.0,0.0,0.06935,0.06935,124000000,124000000,,
0,2002-09-30,FFIN,2002-11-13 00:00:00,2002-11-13 10:09:30,Q3,28000000,5800000.0,28000000,1.0,0.0,15600000,0.0,0.0,21400000,0.0,5800000.0,1000000.0,19300000,0.0,12500000,0.0,0.0,12500000,0.0,3800000.0,8700000.0,0.0,0.0701,0.0701,124100000,124100000,https://www.sec.gov/Archives/edgar/data/36029/000003602902000018/0000036029-02-000018-index.html,https://www.sec.gov/Archives/edgar/data/36029/000003602902000018/tenq9-02.txt
0,2002-06-30,FFIN,2002-08-14 00:00:00,2002-08-14 09:52:25,Q2,27400000,6200000.0,27400000,1.0,0.0,15200000,0.0,0.0,21400000,0.0,6200000.0,1100000.0,19500000,0.0,12200000,0.0,0.0,12200000,0.0,3700000.0,8500000.0,0.0,0.0686,0.0686,123900000,123900000,https://www.sec.gov/Archives/edgar/data/36029/000003602902000014/0000036029-02-000014-index.html,https://www.sec.gov/Archives/edgar/data/36029/000003602902000014/tenq6-02.txt
0,2002-03-31,FFIN,2002-05-14 00:00:00,2002-05-14 12:45:30,Q1,26300000,7100000.0,26300000,1.0,0.0,14600000,0.0,0.0,21700000,0.0,7100000.0,1100000.0,19900000,0.0,11700000,0.0,0.0,11700000,0.0,3500000.0,8200000.0,0.0,0.06613,0.06613,124000000,124000000,https://www.sec.gov/Archives/edgar/data/36029/000003602902000010/0000036029-02-000010-index.html,https://www.sec.gov/Archives/edgar/data/36029/000003602902000010/tenq3-02.txt
0,2001-12-31,FFIN,2002-03-20 00:00:00,2002-03-20 00:00:00,Q4,25700000,9100000.0,25700000,1.0,0.0,15000000,0.0,0.0,24100000,0.0,9100000.0,1500000.0,21400000,0.0,10800000,0.0,0.0,10800000,0.0,3300000.0,7500000.0,0.0,0.06083,0.06083,123300000,123300000,https://www.sec.gov/Archives/edgar/data/36029/000003602902000004/0000036029-02-000004-index.html,https://www.sec.gov/Archives/edgar/data/36029/000003602902000004/ffin10k2001.txt
0,2001-09-30,FFIN,2001-11-13 00:00:00,2001-11-13 00:00:00,Q3,25400000,11000000,25400000,1.0,0.0,14500000,0.0,0.0,25500000,0.0,11000000,1400000.0000000005,23200000,0.0,10800000,0.0,0.0,10800000,0.0,3300000.0,7500000.0,0.0,0.06044,0.06044,124100000,124100000,https://www.sec.gov/Archives/edgar/data/36029/000003602901500016/0000036029-01-500016-index.html,https://www.sec.gov/Archives/edgar/data/36029/000003602901500016/tenq9-01.txt
0,2001-06-30,FFIN,2001-08-09 00:00:00,2001-08-09 00:00:00,Q2,24500000,11800000,24500000,1.0,0.0,14000000,0.0,0.0,25800000,0.0,11800000,1400000.0,23700000,0.0,10500000,0.0,0.0,10500000,0.0,3200000.0,7300000.0,0.0,0.05906,0.05906,123600000,123600000,https://www.sec.gov/Archives/edgar/data/36029/000003602901500014/0000036029-01-500014-index.html,https://www.sec.gov/Archives/edgar/data/36029/000003602901500014/tenq6-01.txt
0,2001-03-31,FFIN,2001-05-09 00:00:00,2001-05-09 00:00:00,Q1,23600000,13000000,23600000,1.0,0.0,13600000,0.0,0.0,26600000,0.0,13000000,1400000.0,24500000,0.0,10100000,0.0,0.0,10100000,0.0,3100000.0,7000000.0,0.0,0.05668,0.05668,123500000,123500000,https://www.sec.gov/Archives/edgar/data/36029/000003602901500010/0000036029-01-500010-index.html,https://www.sec.gov/Archives/edgar/data/36029/000003602901500010/tenq3-01.txt
0,2000-12-31,FFIN,2001-03-29 00:00:00,2001-03-29 00:00:00,Q4,24200000,13300000,24200000,1.0,0.0,13700000,0.0,0.0,27000000,0.0,13300000,1200000.0000000002,24900000,0.0,10400000,0.0,0.0,10400000,0.0,3200000.0,7200000.0,0.0,0.05835,0.05835,123400000,123400000,https://www.sec.gov/Archives/edgar/data/36029/000003602901500005/0000036029-01-500005-index.html,https://www.sec.gov/Archives/edgar/data/36029/000003602901500005/ffin10k2000.txt
0,2000-09-30,FFIN,2000-11-13 00:00:00,2000-11-13 00:00:00,Q3,23900000,12500000,23900000,1.0,0.0,13300000,0.0,0.0,25800000,0.0,12500000,1400000.0,24300000,0.0,10500000,0.0,0.0,10500000,0.0,3200000.0,7200000.0,0.0,0.05778,0.05778,124600000,124600000,https://www.sec.gov/Archives/edgar/data/36029/000003602900500003/0000036029-00-500003-index.html,https://www.sec.gov/Archives/edgar/data/36029/000003602900500003/tenqsept.txt
0,2000-06-30,FFIN,2000-08-10 00:00:00,2000-08-10 00:00:00,Q2,23700000,11700000,23700000,1.0,0.0,13300000,0.0,0.0,25000000,0.0,11700000,1500000.0,23500000,0.0,10300000,0.0,0.0,10300000,0.0,3200000.0,7100000.0,0.0,0.0568,0.0568,125000000,125000000,https://www.sec.gov/Archives/edgar/data/36029/000003602900000006/0000036029-00-000006-index.html,https://www.sec.gov/Archives/edgar/data/36029/000003602900000006/0000036029-00-000006-0001.txt
0,2000-03-31,FFIN,2000-05-11 00:00:00,2000-05-11 00:00:00,Q1,23500000,11300000,23500000,1.0,0.0,13600000,0.0,0.0,24900000,0.0,11300000,1400000.0,22400000,0.0,9800000.0,0.0,0.0,9800000.0,0.0,3000000.0,6700000.0,0.0,0.05356,0.05356,125100000,125100000,https://www.sec.gov/Archives/edgar/data/36029/000003602900000004/0000036029-00-000004-index.html,https://www.sec.gov/Archives/edgar/data/36029/0000036029-00-000004.txt
0,1999-12-31,FFIN,,,Q4,23100000,11100000,23100000,1.0,0.0,13800000,0.0,0.0,24900000,0.0,11100000,1500000.0,22100000,0.0,9400000.0,0.0,0.0,9400000.0,0.0,2900000.0,6600000.0,0.0,0.05276,0.05276,125100000,125100000,,
0,1999-09-30,FFIN,1999-11-09 00:00:00,1999-11-09 00:00:00,Q3,23000000,10800000,23000000,1.0,0.0,13500000,0.0,0.0,24300000,0.0,10800000,1500000.0,21700000,0.0,9500000.0,0.0,0.0,9500000.0,0.0,2900000.0,6500000.0,0.0,0.05221,0.05221,124500000,124500000,https://www.sec.gov/Archives/edgar/data/36029/000003602999000016/0000036029-99-000016-index.html,https://www.sec.gov/Archives/edgar/data/36029/0000036029-99-000016.txt
0,1999-06-30,FFIN,1999-08-10 00:00:00,1999-08-10 00:00:00,Q2,22700000,10600000,22700000,1.0,0.0,13300000,0.0,0.0,23900000,0.0,10600000,1600000.0,21600000,0.0,9400000.0,0.0,0.0,9400000.0,0.0,2900000.0,6500000.0,0.0,0.05146,0.05146,126300000,126300000,https://www.sec.gov/Archives/edgar/data/36029/000003602999000012/0000036029-99-000012-index.html,https://www.sec.gov/Archives/edgar/data/36029/0000036029-99-000012.txt
0,1999-03-31,FFIN,1999-05-13 00:00:00,1999-05-13 00:00:00,Q1,22400000,10700000,22400000,1.0,0.0,13500000,0.0,0.0,24200000,0.0,10700000,1400000.0,21000000,0.0,8900000.0,0.0,0.0,8900000.0,0.0,2800000.0,6100000.0,0.0,0.0488,0.0488,125000000,125000000,https://www.sec.gov/Archives/edgar/data/36029/000003602999000008/0000036029-99-000008-index.html,https://www.sec.gov/Archives/edgar/data/36029/0000036029-99-000008.txt
0,1998-12-31,FFIN,,,Q4,22300000,11300000,22300000,1.0,0.0,13800000,0.0,0.0,25100000,0.0,11300000,1600000.0000000005,21400000,0.0,8500000.0,0.0,0.0,8500000.0,0.0,2700000.0,5800000.0,0.0,0.0464,0.0464,125000000,125000000,,
0,1998-09-30,FFIN,1998-11-12 00:00:00,1998-11-12 00:00:00,Q3,22300000,11600000,22300000,1.0,0.0,13500000,0.0,0.0,25100000,0.0,11600000,1599999.9999999995,21900000,0.0,8700000.0,0.0,0.0,8700000.0,0.0,2800000.0,5900000.0,0.0,0.04724,0.04724,124900000,124900000,https://www.sec.gov/Archives/edgar/data/36029/000003602998000010/0000036029-98-000010-index.html,https://www.sec.gov/Archives/edgar/data/36029/0000036029-98-000010.txt
0,1998-06-30,FFIN,1998-08-12 00:00:00,1998-08-12 00:00:00,Q2,21900000,11600000,21900000,1.0,0.0,13200000,0.0,0.0,24800000,0.0,11600000,1500000.0,21800000,0.0,8700000.0,0.0,0.0,8700000.0,0.0,2800000.0,5900000.0,0.0,0.0472,0.0472,125000000,125000000,https://www.sec.gov/Archives/edgar/data/36029/000003602998000008/0000036029-98-000008-index.html,https://www.sec.gov/Archives/edgar/data/36029/0000036029-98-000008.txt
0,1998-03-31,FFIN,1998-05-13 00:00:00,1998-05-13 00:00:00,Q1,21500000,11800000,21500000,1.0,0.0,13100000,0.0,0.0,24900000,0.0,11800000,1500000.0,21700000,0.0,8400000.0,0.0,0.0,8400000.0,0.0,2800000.0,5600000.0,0.0,0.04484,0.04484,124900000,124900000,https://www.sec.gov/Archives/edgar/data/36029/000003602998000006/0000036029-98-000006-index.html,https://www.sec.gov/Archives/edgar/data/36029/0000036029-98-000006.txt
0,1997-12-31,FFIN,,,Q4,24200000,13600000,24200000,1.0,0.0,15100000,0.0,0.0,28700000,0.0,13600000,1900000.0,24500000,0.0,9000000.0,0.0,0.0,9000000.0,0.0,3000000.0,6000000.0,0.0,0.04766,0.04766,125900000,125900000,,
0,1997-09-30,FFIN,1997-11-14 00:00:00,1997-11-14 00:00:00,Q3,18800000,9700000.0,18800000,1.0,0.0,11300000,0.0,0.0,21000000,0.0,9700000.0,1100000.0,18400000,0.0,7600000.0,0.0,0.0,7600000.0,0.0,2500000.0,5100000.0,0.0,0.04264,0.04264,119600000,119600000,https://www.sec.gov/Archives/edgar/data/36029/000003602997000009/0000036029-97-000009-index.html,https://www.sec.gov/Archives/edgar/data/36029/0000036029-97-000009.txt
0,1997-06-30,FFIN,1997-08-01 00:00:00,1997-08-01 00:00:00,Q2,18400000,9300000.0,18400000,1.0,0.0,10800000,0.0,0.0,20100000,0.0,9300000.0,1000000.0,17800000,0.0,7600000.0,0.0,0.0,7600000.0,0.0,2500000.0,5000000.0,0.0,0.04181,0.04181,119600000,119600000,https://www.sec.gov/Archives/edgar/data/36029/000003602997000005/0000036029-97-000005-index.html,https://www.sec.gov/Archives/edgar/data/36029/0000036029-97-000005.txt
0,1997-03-31,FFIN,1997-05-12 00:00:00,1997-05-12 00:00:00,Q1,17900000,9000000.0,17900000,1.0,0.0,10500000,0.0,0.0,19500000,0.0,9000000.0,1000000.0,17400000,0.0,7300000.0,0.0,0.0,7300000.0,0.0,2500000.0,4900000.0,0.0,0.04156,0.04156,117900000,117900000,https://www.sec.gov/Archives/edgar/data/36029/000003602997000003/0000036029-97-000003-index.html,https://www.sec.gov/Archives/edgar/data/36029/0000036029-97-000003.txt
0,1996-12-31,FFIN,1997-03-28 00:00:00,1997-03-28 00:00:00,Q4,16900000,8600000.0,16900000,1.0,0.0,9800000.0,0.0,0.0,18400000,0.0,8600000.0,1299999.9999999998,16900000,0.0,7000000.0,0.0,0.0,7000000.0,0.0,2400000.0,4600000.0,0.0,0.0399,0.0399,115300000,115300000,https://www.sec.gov/Archives/edgar/data/36029/000003602997000001/0000036029-97-000001-index.html,https://www.sec.gov/Archives/edgar/data/36029/0000036029-97-000001.txt
0,1996-09-30,FFIN,1996-11-12 00:00:00,1996-11-12 00:00:00,Q3,16700000,8400000.0,16700000,1.0,0.0,9700000.0,0.0,0.0,18100000,0.0,8400000.0,1700000.0000000002,17100000,0.0,7000000.0,0.0,0.0,7000000.0,0.0,2400000.0,4600000.0,0.0,0.04014,0.04014,114600000,114600000,https://www.sec.gov/Archives/edgar/data/36029/000003602996000007/0000036029-96-000007-index.html,https://www.sec.gov/Archives/edgar/data/36029/0000036029-96-000007.txt
0,1996-06-30,FFIN,1996-08-02 00:00:00,1996-08-02 00:00:00,Q2,16400000,8300000.0,16400000,1.0,0.0,9700000.0,0.0,0.0,18000000,0.0,8300000.0,2000000.0,17000000,0.0,6800000.0,0.0,0.0,6800000.0,0.0,2300000.0,4400000.0,0.0,0.038,0.038,115800000,115800000,https://www.sec.gov/Archives/edgar/data/36029/000003602996000006/0000036029-96-000006-index.html,https://www.sec.gov/Archives/edgar/data/36029/0000036029-96-000006.txt
0,1996-03-31,FFIN,1996-05-14 00:00:00,1996-05-14 00:00:00,Q1,16300000,8400000.0,16300000,1.0,0.0,9500000.0,0.0,0.0,17900000,0.0,8400000.0,1000000.0,16100000,0.0,6800000.0,0.0,0.0,6800000.0,0.0,2300000.0,4400000.0,0.0,0.03826,0.03826,115000000,115000000,https://www.sec.gov/Archives/edgar/data/36029/000003602996000004/0000036029-96-000004-index.html,https://www.sec.gov/Archives/edgar/data/36029/0000036029-96-000004.txt
0,1995-12-31,FFIN,1996-03-29 00:00:00,1996-03-29 00:00:00,Q4,15000000,7900000.0,15000000,1.0,0.0,8900000.0,0.0,0.0,16800000,0.0,7900000.0,799999.9999999998,14700000,0.0,6100000.0,0.0,0.0,6100000.0,0.0,2000000.0,4000000.0,0.0,0.03487,0.03487,114700000,114700000,https://www.sec.gov/Archives/edgar/data/36029/000003602996000003/0000036029-96-000003-index.html,https://www.sec.gov/Archives/edgar/data/36029/0000036029-96-000003.txt
0,1995-09-30,FFIN,1995-11-14 00:00:00,1995-11-14 00:00:00,Q3,14600000,7700000.0,14600000,1.0,0.0,8300000.0,0.0,0.0,16000000,0.0,7700000.0,1200000.0000000002,15200000,0.0,6300000.0,0.0,0.0,6300000.0,0.0,2100000.0,4200000.0,0.0,0.03659,0.03659,114800000,114800000,https://www.sec.gov/Archives/edgar/data/36029/000003602995000010/0000036029-95-000010-index.html,https://www.sec.gov/Archives/edgar/data/36029/0000036029-95-000010.txt
0,1995-06-30,FFIN,1995-08-15 00:00:00,1995-08-15 00:00:00,Q2,16400000,7300000.0,16400000,1.0,0.0,8800000.0,0.0,0.0,16100000,0.0,7300000.0,2200000.0,17100000,0.0,7600000.0,0.0,0.0,7600000.0,0.0,2600000.0,5000000.0,0.0,0.04352,0.04352,114900000,114900000,https://www.sec.gov/Archives/edgar/data/36029/000003602995000007/0000036029-95-000007-index.html,https://www.sec.gov/Archives/edgar/data/36029/0000036029-95-000007.txt
0,1995-03-31,FFIN,1995-05-09 00:00:00,1995-05-09 00:00:00,Q1,14300000,6600000.0,14300000,1.0,0.0,8500000.0,0.0,0.0,15100000,0.0,6600000.0,700000.0,13000000,0.0,5700000.0,0.0,0.0,5700000.0,0.0,1900000.0,3800000.0,0.0,0.03313,0.03313,114700000,114700000,https://www.sec.gov/Archives/edgar/data/36029/000003602995000005/0000036029-95-000005-index.html,https://www.sec.gov/Archives/edgar/data/36029/0000036029-95-000005.txt
0,1994-12-31,FFIN,1995-03-31 00:00:00,1995-03-31 00:00:00,Q4,13000000,5800000.0,13000000,1.0,0.0,7700000.0,0.0,0.0,13500000,0.0,5800000.0,1400000.0,12500000,0.0,5300000.0,0.0,0.0,5300000.0,0.0,1800000.0,3500000.0,0.0,0.03256,0.03256,107500000,107500000,https://www.sec.gov/Archives/edgar/data/36029/000003602995000004/0000036029-95-000004-index.html,https://www.sec.gov/Archives/edgar/data/36029/0000036029-95-000004.txt
0,1994-09-30,FFIN,1994-11-09 00:00:00,1994-11-09 00:00:00,Q3,13100000,5400000.0,13100000,1.0,0.0,8000000.0,0.0,0.0,13400000,0.0,5400000.0,700000.0000000002,11200000,0.0,5000000.0,0.0,0.0,5000000.0,0.0,1700000.0,3400000.0,0.0,0.03163,0.03163,107500000,107500000,https://www.sec.gov/Archives/edgar/data/36029/000003602994000010/0000036029-94-000010-index.html,https://www.sec.gov/Archives/edgar/data/36029/0000036029-94-000010.txt
0,1994-06-30,FFIN,1994-08-11 00:00:00,1994-08-11 00:00:00,Q2,12800000,5100000.0,12800000,1.0,0.0,8100000.0,0.0,0.0,13200000,0.0,5100000.0,799999.9999999999,10600000,0.0,4700000.0,0.0,0.0,4700000.0,0.0,1500000.0,3200000.0,0.0,0.0293,0.0293,109200000,109200000,https://www.sec.gov/Archives/edgar/data/36029/000003602994000008/0000036029-94-000008-index.html,https://www.sec.gov/Archives/edgar/data/36029/0000036029-94-000008.txt
0,1994-03-31,FFIN,1994-05-12 00:00:00,1994-05-12 00:00:00,Q1,12900000,4900000.0,12900000,1.0,0.0,8300000.0,0.0,0.0,13200000,0.0,4900000.0,600000.0,10000000,0.0,4600000.0,0.0,0.0,4600000.0,0.0,1400000.0,3100000.0,0.0,0.029,0.029,106900000,106900000,https://www.sec.gov/Archives/edgar/data/36029/000003602994000007/0000036029-94-000007-index.html,https://www.sec.gov/Archives/edgar/data/36029/0000036029-94-000007.txt
