,date,symbol,fillingDate,acceptedDate,period,revenue,costOfRevenue,grossProfit,grossProfitRatio,researchAndDevelopmentExpenses,generalAndAdministrativeExpenses,sellingAndMarketingExpenses,otherExpenses,operatingExpenses,costAndExpenses,interestExpense,depreciationAndAmortization,ebitda,ebitdaratio,operatingIncome,operatingIncomeRatio,totalOtherIncomeExpensesNet,incomeBeforeTax,incomeBeforeTaxRatio,incomeTaxExpense,netIncome,netIncomeRatio,eps,epsdiluted,weightedAverageShsOut,weightedAverageShsOutDil,link,finalLink
0,2020-09-30,KFFB,2020-11-16,2020-11-16 14:14:45,Q1,3029000.0,0.0,3029000.0,1.0,0.0,0.0,0.0,0.0,0.0,0.0,-639000.0,72000.0,423000.0,0.13965004952129415,351000.0,0.11587982832618025,0.0,351000.0,0.11587982832618025,66000.0,285000.0,0.09409045889732585,0.034637737876184065,0.034637737876184065,8228020.0,8228020.0,https://www.sec.gov/Archives/edgar/data/1297341/000121390020037268/0001213900-20-037268-index.htm,https://www.sec.gov/Archives/edgar/data/1297341/000121390020037268/f10q0920_kentuckyfirst.htm
0,2020-06-30,KFFB,2020-09-28,2020-09-28 15:11:10,Q4,2445000.0,0.0,2445000.0,1.0,0.0,15626000,0.0,0.0,16374000,0.0,748000.0,72000.00000000004,-12361000,-4.330690452593327,-13181000,-4.354476379253386,0.0,-13181000,-4.354476379253386,88000.0,-13269000,-4.296333002973241,-1.61266,-1.61266,8228020.0,8228020.0,https://www.sec.gov/Archives/edgar/data/1297341/000121390020028638/0001213900-20-028638-index.htm,https://www.sec.gov/Archives/edgar/data/1297341/000121390020028638/f10k2020_kentuckyfirst.htm
0,2020-03-31,KFFB,2020-05-14,2020-05-14 12:35:13,Q3,2404000.0,882000.0,1522000.0,0.6331114808652246,0.0,2106000.0,0.0,0.0,2988000.0,1400000.0,882000.0,71999.99999999999,1252000.0,0.170899698666,298000.0,0.128282393457,0.0,298000.0,0.128282393457,58000.0,240000.0,0.103314679294,0.0291,0.0291,8246570.0,8246570.0,https://www.sec.gov/Archives/edgar/data/1297341/000121390020012164/0001213900-20-012164-index.htm,https://www.sec.gov/Archives/edgar/data/1297341/000121390020012164/f10q0320_kentuckyfirst.htm
0,2019-12-31,KFFB,2020-02-14,2020-02-14 09:58:18,Q2,2419000.0,922000.0,1497000.0,0.6188507647788343,0.0,2113000.0,0.0,0.0,3035000.0,1408000.0,922000.0,59000.00000000001,1287000.0,0.164032464759,306000.0,0.130713370355,0.0,306000.0,0.130713370355,58000.0,248000.0,0.10593763349,0.03004,0.03004,8255260.0,8255260.0,https://www.sec.gov/Archives/edgar/data/1297341/000121390020003785/0001213900-20-003785-index.htm,https://www.sec.gov/Archives/edgar/data/1297341/000121390020003785/f10q1219_kentuckyfirst.htm
0,2019-09-30,KFFB,2019-11-14,2019-11-14 06:08:49,Q1,2455000.0,947000.0,1508000.0,0.6142566191446028,0.0,2161000.0,0.0,0.0,3108000.0,1360000.0,947000.0,74000.0,1315000.0,0.165476690466,294000.0,0.123477530449,0.0,294000.0,0.123477530449,60000.0,234000.0,0.0982780344393,0.02827,0.02827,8277500.0,8277500.0,https://www.sec.gov/Archives/edgar/data/1297341/000121390019023281/0001213900-19-023281-index.htm,https://www.sec.gov/Archives/edgar/data/1297341/000121390019019268/f10k2019_kentuckyfirst.htm
0,2019-06-30,KFFB,2019-09-30,2019-09-30 11:32:51,Q4,2424000.0,910000.0,1514000.0,0.6245874587458746,0.0,2100000.0,0.0,0.0,3010000.0,1676000.0,910000.0,61999.99999999997,1296000.0,0.174389216512,324000.0,0.13647851727,0.0,324000.0,0.13647851727,24000.0,300000.0,0.126368997473,0.03615,0.03615,8297720.0,8297720.0,https://www.sec.gov/Archives/edgar/data/1297341/000121390019019268/0001213900-19-019268-index.htm,https://www.sec.gov/Archives/edgar/data/1297341/000121390019019268/f10k2019_kentuckyfirst.htm
0,2019-03-31,KFFB,2019-05-10,2019-05-10 15:23:54,Q3,2428000.0,845000.0,1583000.0,0.6519769357495881,0.0,2173000.0,0.0,0.0,3018000.0,1452000.0,845000.0,69000.0,1169000.0,0.147422241159,255000.0,0.108649339582,0.0,255000.0,0.108649339582,48000.0,207000.0,0.0881976991905,0.02488,0.02488,8319120.0,8319120.0,https://www.sec.gov/Archives/edgar/data/1297341/000121390019008267/0001213900-19-008267-index.htm,https://www.sec.gov/Archives/edgar/data/1297341/000121390019008267/f10q0319_kentuckyfirst.htm
0,2018-12-31,KFFB,2019-02-14,2019-02-14 09:40:36,Q2,2424000.0,797000.0,1627000.0,0.6712046204620462,0.0,2230000.0,0.0,0.0,3027000.0,1463000.0,797000.0,71000.0,1062000.0,0.121377572449,194000.0,0.0814783704326,0.0,194000.0,0.0814783704326,27000.0,167000.0,0.0701385972281,0.02,0.02,8348170.0,8348170.0,https://www.sec.gov/Archives/edgar/data/1297341/000121390019002445/0001213900-19-002445-index.htm,https://www.sec.gov/Archives/edgar/data/1297341/000121390019002445/f10q1218_kentuckyfirst.htm
0,2018-09-30,KFFB,2018-11-14,2018-11-14 10:31:45,Q1,2420000.0,700000.0,1720000.0,0.7107438016528925,0.0,2230000.0,0.0,0.0,2930000.0,1454000.0,700000.0,80000.0,960000.0,0.116368286445,180000.0,0.076726342711,0.0,180000.0,0.076726342711,40000.0,140000.0,0.0588235294118,0.01671,0.01671,8380000.0,8380000.0,https://www.sec.gov/Archives/edgar/data/1297341/000121390018015659/0001213900-18-015659-index.htm,https://www.sec.gov/Archives/edgar/data/1297341/000121390018013157/f10k2018_kentuckyfirstfed.htm
0,2018-06-30,KFFB,2018-09-28,2018-09-28 11:51:27,Q4,2460000.0,630000.0,1830000.0,0.7439024390243902,0.0,2480000.0,0.0,0.0,3110000.0,1472000.0,630000.0,70000.0,680000.0,0.0697674418605,-20000.0,0.0555774536855,0.0,-20000.0,0.0555774536855,-30000.0,10000.0,-0.148206543161,0.00119,0.00119,8370000.0,8370000.0,https://www.sec.gov/Archives/edgar/data/1297341/000121390018013157/0001213900-18-013157-index.htm,https://www.sec.gov/Archives/edgar/data/1297341/000121390018013157/f10k2018_kentuckyfirstfed.htm
0,2018-03-31,KFFB,2018-05-15,2018-05-15 13:01:52,Q3,2470000.0,560000.0,1910000.0,0.7732793522267206,0.0,2280000.0,0.0,0.0,2840000.0,1359000.0,560000.0,79999.99999999999,820000.0,0.114250103864,180000.0,0.0760282509348,0.0,180000.0,0.0760282509348,20000.0,160000.0,0.0673036975488,0.01912,0.01912,8370000.0,8370000.0,https://www.sec.gov/Archives/edgar/data/1297341/000121390018006246/0001213900-18-006246-index.htm,https://www.sec.gov/Archives/edgar/data/1297341/000121390018006246/f10q0318_kentuckyfirst.htm
0,2017-12-31,KFFB,2018-02-14,2018-02-14 11:10:54,Q2,2920000.0,500000.0,2420000.0,0.8287671232876712,0.0,2210000.0,0.0,0.0,2710000.0,1364000.0,500000.0,80000.0,1560000.0,0.324738114424,710000.0,0.285656728445,0.0,710000.0,0.285656728445,110000.0,870000.0,0.350120870266,0.10407,0.10407,8360000.0,8360000.0,https://www.sec.gov/Archives/edgar/data/1297341/000121390018001830/0001213900-18-001830-index.htm,https://www.sec.gov/Archives/edgar/data/1297341/000121390018001830/f10q1217_kentuckyfirst.htm
0,2017-09-30,KFFB,2017-11-14,2017-11-14 12:52:51,Q1,2570000.0,470000.0,2100000.0,0.8171206225680934,0.0,2160000.0,0.0,0.0,2630000.0,1369000.0,470000.0,80000.0,970000.0,0.21413892314,420000.0,0.170571311139,0.0,420000.0,0.170571311139,140000.0,280000.0,0.115084258118,0.03349,0.03349,8360000.0,8360000.0,https://www.sec.gov/Archives/edgar/data/1297341/000121390017011990/0001213900-17-011990-index.htm,https://www.sec.gov/Archives/edgar/data/1297341/000121390017010084/f10k2017_kentuckyfirst.htm
0,2017-06-30,KFFB,2017-09-28,2017-09-28 15:10:31,Q4,2470000.0,410000.0,2060000.0,0.8340080971659919,0.0,2130000.0,0.0,0.0,2540000.0,1314000.0,410000.0,80000.00000000001,830000.0,0.353867693385,340000.0,0.344767238362,0.0,340000.0,0.344767238362,120000.0,220000.0,0.273713685684,0.02632,0.02632,8360000.0,8360000.0,https://www.sec.gov/Archives/edgar/data/1297341/000121390017010084/0001213900-17-010084-index.htm,https://www.sec.gov/Archives/edgar/data/1297341/000121390017010084/f10k2017_kentuckyfirst.htm
0,2017-03-31,KFFB,2017-05-16,2017-05-16 14:37:33,Q3,2580000.0,380000.0,2200000.0,0.8527131782945736,0.0,2320000.0,0.0,0.0,2700000.0,1350000.0,380000.0,90000.0,730000.0,0.143604183427,260000.0,0.105390185036,0.0,260000.0,0.105390185036,90000.0,170000.0,0.0675784392599,0.02036,0.02036,8350000.0,8350000.0,https://www.sec.gov/Archives/edgar/data/1297341/000114420417027880/0001144204-17-027880-index.htm,https://www.sec.gov/Archives/edgar/data/1297341/000114420417027880/v465999_10q.htm
0,2016-12-31,KFFB,2017-02-14,2017-02-14 13:15:44,Q2,2550000.0,340000.0,2210000.0,0.8666666666666667,0.0,2150000.0,0.0,0.0,2490000.0,1311000.0,340000.0,80000.00000000001,810000.0,0.195546558704,390000.0,0.159109311741,0.0,390000.0,0.159109311741,140000.0,250000.0,0.102834008097,0.02983,0.02983,8380000.0,8380000.0,https://www.sec.gov/Archives/edgar/data/1297341/000114420417008508/0001144204-17-008508-index.htm,https://www.sec.gov/Archives/edgar/data/1297341/000114420417008508/v458324_10q.htm
0,2016-09-30,KFFB,2016-11-14,2016-11-14 16:00:56,Q1,2630000.0,330000.0,2300000.0,0.8745247148288974,0.0,2170000.0,0.0,0.0,2500000.0,1344000.0,330000.0,90000.0,880000.0,0.220642015441,460000.0,0.185696871191,0.0,460000.0,0.185696871191,160000.0,300000.0,0.12068264933,0.03597,0.03597,8340000.0,8340000.0,https://www.sec.gov/Archives/edgar/data/1297341/000114420416134160/0001144204-16-134160-index.htm,https://www.sec.gov/Archives/edgar/data/1297341/000114420416125756/v448903_10k.htm
0,2016-06-30,KFFB,2016-09-28,2016-09-28 16:05:20,Q4,2650000.0,330000.0,2320000.0,0.8754716981132076,0.0,2080000.0,0.0,0.0,2410000.0,1237000.0,330000.0,110000.00000000001,1010000.0,0.271774193548,570000.0,0.228225806452,0.0,570000.0,0.228225806452,190000.0,380000.0,0.153629032258,0.04562,0.04562,8330000.0,8330000.0,https://www.sec.gov/Archives/edgar/data/1297341/000114420416125756/0001144204-16-125756-index.htm,https://www.sec.gov/Archives/edgar/data/1297341/000114420416125756/v448903_10k.htm
0,2016-03-31,KFFB,2016-05-16,2016-05-16 12:35:25,Q3,2500000.0,340000.0,2160000.0,0.864,0.0,2240000.0,0.0,0.0,2580000.0,1443000.0,340000.0,60000.0,660000.0,0.128327373858,260000.0,0.102900278109,0.0,260000.0,0.102900278109,80000.0,180000.0,0.0707191100516,0.02161,0.02161,8330000.0,8330000.0,https://www.sec.gov/Archives/edgar/data/1297341/000114420416102294/0001144204-16-102294-index.htm,https://www.sec.gov/Archives/edgar/data/1297341/000114420416102294/v438753_10q.htm
0,2015-12-31,KFFB,2016-02-16,2016-02-16 11:53:51,Q2,2770000.0,340000.0,2430000.0,0.8772563176895307,0.0,2170000.0,0.0,0.0,2510000.0,1360000.0,340000.0,79999.99999999999,1020000.0,0.252743094968,600000.0,0.227014755959,0.0,600000.0,0.227014755959,200000.0,400000.0,0.152856602346,0.04808,0.04808,8320000.0,8320000.0,https://www.sec.gov/Archives/edgar/data/1297341/000114420416082206/0001144204-16-082206-index.htm,https://www.sec.gov/Archives/edgar/data/1297341/000114420416082206/v430430_10q.htm
0,2015-09-30,KFFB,2015-11-16,2015-11-16 13:15:37,Q1,2740000.0,350000.0,2390000.0,0.8722627737226277,0.0,2080000.0,0.0,0.0,2430000.0,1279000.0,350000.0,70000.0,1090000.0,0.276765375854,670000.0,0.255125284738,0.0,670000.0,0.255125284738,130000.0,540000.0,0.204252088079,0.0649,0.0649,8320000.0,8320000.0,https://www.sec.gov/Archives/edgar/data/1297341/000114420415065758/0001144204-15-065758-index.htm,https://www.sec.gov/Archives/edgar/data/1297341/000114420415057286/v420312_10k.htm
0,2015-06-30,KFFB,2015-09-28,2015-09-29 23:14:45,Q4,2770000.0,350000.0,2420000.0,0.8736462093862816,0.0,1970000.0,0.0,0.0,2320000.0,1161000.0,350000.0,70000.00000000003,1230000.0,0.323262839879,800000.0,0.302114803625,0.0,800000.0,0.302114803625,270000.0,540000.0,0.202039274924,0.06498,0.06498,8310000.0,8310000.0,https://www.sec.gov/Archives/edgar/data/1297341/000114420415057286/0001144204-15-057286-index.htm,https://www.sec.gov/Archives/edgar/data/1297341/000114420415057286/v420312_10k.htm
0,2015-03-31,KFFB,2015-05-15,2015-05-15 15:21:30,Q3,2830000.0,370000.0,2460000.0,0.8692579505300353,0.0,2030000.0,0.0,0.0,2400000.0,1189000.0,370000.0,69999.99999999999,1250000.0,0.318856315599,810000.0,0.291349981904,0.0,810000.0,0.291349981904,270000.0,540000.0,0.19507781397,0.0649,0.0649,8320000.0,8320000.0,https://www.sec.gov/Archives/edgar/data/1297341/000114420415031432/0001144204-15-031432-index.htm,https://www.sec.gov/Archives/edgar/data/1297341/000114420415031432/v409893_10q.htm
0,2014-12-31,KFFB,2015-02-17,2015-02-17 13:53:28,Q2,3030000.0,350000.0,2680000.0,0.8844884488448845,0.0,2170000.0,0.0,0.0,2520000.0,1132000.0,350000.0,70000.0,1290000.0,0.325838686652,870000.0,0.309064953605,0.0,870000.0,0.309064953605,290000.0,580000.0,0.206638115632,0.06921,0.06921,8380000.0,8380000.0,https://www.sec.gov/Archives/edgar/data/1297341/000114420415009822/0001144204-15-009822-index.htm,https://www.sec.gov/Archives/edgar/data/1297341/000114420415009822/v400199_10q.htm
0,2014-09-30,KFFB,2014-11-14,2014-11-14 14:31:20,Q1,2850000.0,350000.0,2500000.0,0.8771929824561403,0.0,2230000.0,0.0,0.0,2580000.0,1377000.0,350000.0,70000.0,1040000.0,0.233988355167,620000.0,0.225254730713,0.0,620000.0,0.225254730713,200000.0,420000.0,0.151382823872,0.05012,0.05012,8380000.0,8380000.0,https://www.sec.gov/Archives/edgar/data/1297341/000114420414068547/0001144204-14-068547-index.htm,https://www.sec.gov/Archives/edgar/data/1297341/000114420414058452/v389056_10k.htm
0,2014-06-30,KFFB,2014-09-29,2014-09-29 17:16:28,Q4,2940000.0,360000.0,2580000.0,0.8775510204081632,0.0,2320000.0,0.0,0.0,2680000.0,1445000.0,360000.0,69999.99999999999,1050000.0,0.221649484536,620000.0,0.212714776632,0.0,620000.0,0.212714776632,200000.0,420000.0,0.145017182131,0.05012,0.05012,8380000.0,8380000.0,https://www.sec.gov/Archives/edgar/data/1297341/000114420414058452/0001144204-14-058452-index.htm,https://www.sec.gov/Archives/edgar/data/1297341/000114420414058452/v389056_10k.htm
0,2014-03-31,KFFB,2014-05-15,2014-05-15 09:56:42,Q3,2990000.0,380000.0,2610000.0,0.8729096989966555,0.0,2190000.0,0.0,0.0,2570000.0,1396000.0,380000.0,60000.0,1230000.0,0.371915189433,790000.0,0.275981925617,0.0,790000.0,0.275981925617,300000.0,490000.0,0.170663885992,0.05847,0.05847,8380000.0,8380000.0,https://www.sec.gov/Archives/edgar/data/1297341/000114420414030853/0001144204-14-030853-index.htm,https://www.sec.gov/Archives/edgar/data/1297341/000114420414030853/v375233_10q.htm
0,2013-12-31,KFFB,2014-02-14,2014-02-14 09:46:25,Q2,3060000.0,430000.0,2630000.0,0.8594771241830066,0.0,2210000.0,0.0,0.0,2640000.0,1263000.0,430000.0,80000.0,1360000.0,0.183322079676,840000.0,0.284942606347,0.0,840000.0,0.284942606347,250000.0,600000.0,0.20189061445,0.07168,0.07168,8370000.0,8370000.0,https://www.sec.gov/Archives/edgar/data/1297341/000114420414009037/0001144204-14-009037-index.htm,https://www.sec.gov/Archives/edgar/data/1297341/000114420414009037/v367241_10q.htm
0,2013-09-30,KFFB,2013-11-19,2013-11-19 15:52:47,Q1,2900000.0,450000.0,2450000.0,0.8448275862068966,0.0,2270000.0,0.0,0.0,2720000.0,1249000.0,450000.0,80000.0,1160000.0,0.249011857708,630000.0,0.226015091628,0.0,630000.0,0.226015091628,210000.0,420000.0,0.151994250808,0.05018,0.05018,8370000.0,8370000.0,https://www.sec.gov/Archives/edgar/data/1297341/000114420413063033/0001144204-13-063033-index.htm,https://www.sec.gov/Archives/edgar/data/1297341/000114420413053113/v355335_10k.htm
0,2013-06-30,KFFB,2013-09-30,2013-09-30 16:37:08,Q4,3400000.0,430000.0,2970000.0,0.8735294117647059,0.0,2130000.0,0.0,0.0,2560000.0,1303000.0,430000.0,110000.00000000001,1800000.0,0.571152607856,1260000.0,0.40598840953,0.0,1260000.0,0.40598840953,420000.0,840000.0,0.269478428847,0.1006,0.1006,8350000.0,8350000.0,https://www.sec.gov/Archives/edgar/data/1297341/000114420413053113/0001144204-13-053113-index.htm,https://www.sec.gov/Archives/edgar/data/1297341/000114420413053113/v355335_10k.htm
0,2013-03-31,KFFB,2013-05-15,2013-05-15 16:34:04,Q3,3250000.0,440000.0,2810000.0,0.8646153846153846,0.0,2300000.0,0.0,0.0,2740000.0,1314000.0,440000.0,49999.99999999999,1440000.0,0.269022604266,950000.0,0.302451448583,0.0,950000.0,0.302451448583,320000.0,630000.0,0.200573065903,0.07536,0.07536,8360000.0,8360000.0,https://www.sec.gov/Archives/edgar/data/1297341/000114420413029561/0001144204-13-029561-index.htm,https://www.sec.gov/Archives/edgar/data/1297341/000114420413029561/v343757_10q.htm
0,2012-12-31,KFFB,2013-02-21,2013-02-21 16:35:43,Q2,3060000.0,380000.0,2680000.0,0.8758169934640523,0.0,1820000.0,0.0,0.0,2200000.0,818000.0,380000.0,30000.000000000007,1650000.0,0.577734183423,1230000.0,0.605198626778,0.0,1230000.0,0.605198626778,310000.0,930000.0,0.454634624816,0.12334,0.12334,7540000.0,7540000.0,https://www.sec.gov/Archives/edgar/data/1297341/000114420413010524/0001144204-13-010524-index.htm,https://www.sec.gov/Archives/edgar/data/1297341/000114420413010524/v333105_10q.htm
0,2012-09-30,KFFB,2012-11-16,2012-11-16 11:14:59,Q1,2100000.0,440000.0,1660000.0,0.7904761904761904,0.0,1320000.0,0.0,0.0,1760000.0,854000.0,440000.0,40000.0,1260000.0,0.388217522659,780000.0,0.39224572004,0.0,780000.0,0.39224572004,260000.0,520000.0,0.262839879154,0.06887,0.06887,7550000.0,7550000.0,https://www.sec.gov/Archives/edgar/data/1297341/000114420412063407/0001144204-12-063407-index.htm,https://www.sec.gov/Archives/edgar/data/1297341/000114420412053579/v323904_10k.htm
0,2012-06-30,KFFB,2012-09-28,2012-09-28 14:37:32,Q4,1960000.0,470000.0,1490000.0,0.7602040816326531,0.0,1400000.0,0.0,0.0,1870000.0,726000.0,470000.0,40000.00000000001,1070000.0,-0.0870418848168,560000.0,-0.0870418848168,0.0,560000.0,-0.0870418848168,180000.0,380000.0,0.274214659686,0.05033,0.05033,7550000.0,7550000.0,https://www.sec.gov/Archives/edgar/data/1297341/000114420412053579/0001144204-12-053579-index.htm,https://www.sec.gov/Archives/edgar/data/1297341/000114420412053579/v323904_10k.htm
0,2012-03-31,KFFB,2012-05-15,2012-05-15 13:49:00,Q3,2110000.0,510000.0,1600000.0,0.7582938388625592,0.0,1320000.0,0.0,0.0,1830000.0,877000.0,510000.0,69999.99999999999,1370000.0,0.415609756098,790000.0,0.384390243902,0.0,790000.0,0.384390243902,260000.0,530000.0,0.25756097561,0.0702,0.0702,7550000.0,7550000.0,https://www.sec.gov/Archives/edgar/data/1297341/000114420412029279/0001144204-12-029279-index.htm,https://www.sec.gov/Archives/edgar/data/1297341/000114420412029279/v310847_10q.htm
0,2011-12-31,KFFB,2012-02-14,2012-02-14 09:47:55,Q2,2070000.0,550000.0,1520000.0,0.7342995169082126,0.0,1490000.0,0.0,0.0,2040000.0,805000.0,550000.0,90000.00000000001,1220000.0,0.321078431373,580000.0,0.283333333333,0.0,580000.0,0.283333333333,190000.0,390000.0,0.190196078431,0.05166,0.05166,7550000.0,7550000.0,https://www.sec.gov/Archives/edgar/data/1297341/000114420412008191/0001144204-12-008191-index.htm,https://www.sec.gov/Archives/edgar/data/1297341/000114420412008191/v300712_10q.htm
0,2011-09-30,KFFB,2011-11-14,2011-11-14 11:29:35,Q1,1980000.0,640000.0,1340000.0,0.6767676767676768,0.0,1350000.0,0.0,0.0,1990000.0,780000.0,640000.0,80000.0,1350000.0,0.36,630000.0,0.321538461538,0.0,630000.0,0.321538461538,210000.0,420000.0,0.215897435897,0.0557,0.0557,7540000.0,7540000.0,https://www.sec.gov/Archives/edgar/data/1297341/000114420411063757/0001144204-11-063757-index.htm,https://www.sec.gov/Archives/edgar/data/1297341/000114420411055263/v235940_10k.htm
0,2011-06-30,KFFB,2011-09-28,2011-09-28 14:41:47,Q4,2030000.0,630000.0,1400000.0,0.6896551724137931,0.0,1370000.0,0.0,0.0,2000000.0,0.0,630000.0,79999.99999999999,1380000.0,0.26949280847842544,670000.0,0.2517032551097653,0.0,670000.0,0.2517032551097653,110000.0,560000.0,0.2100681302043906,0.07359,0.07359,7610000.0,7610000.0,https://www.sec.gov/Archives/edgar/data/1297341/000114420411055263/0001144204-11-055263-index.htm,https://www.sec.gov/Archives/edgar/data/1297341/000114420411055263/v235940_10k.htm
0,2011-03-31,KFFB,2011-05-16,2011-05-16 16:28:20,Q3,1980000.0,730000.0,1250000.0,0.6313131313131313,0.0,1910000.0,0.0,0.0,2640000.0,0.0,730000.0,80000.00000000001,870000.0,0.0444022770398482,70000.0,0.026185958254269448,0.0,70000.0,0.026185958254269448,-380000.0,440000.0,0.1685009487666034,0.05859,0.05859,7510000.0,7510000.0,https://www.sec.gov/Archives/edgar/data/1297341/000114420411030053/0001144204-11-030053-index.htm,https://www.sec.gov/Archives/edgar/data/1297341/000114420411030053/v222635_10q.htm
0,2010-12-31,KFFB,2011-02-15,2011-02-15 13:47:34,Q2,1950000.0,840000.0,1110000.0,0.5692307692307692,0.0,1320000.0,0.0,0.0,2160000.0,0.0,840000.0,90000.0,1560000.0,0.24908290535583272,630000.0,0.2322083639031548,0.0,630000.0,0.2322083639031548,210000.0,420000.0,0.15553925165077037,0.05622,0.05622,7470000.0,7470000.0,https://www.sec.gov/Archives/edgar/data/1297341/000114420411008950/0001144204-11-008950-index.htm,https://www.sec.gov/Archives/edgar/data/1297341/000114420411008950/v211445_10q.htm
0,2010-09-30,KFFB,2010-11-15,2010-10-06 13:14:36,Q1,1840000.0,980000.0,860000.0,0.4673913043478261,0.0,1360000.0,0.0,0.0,2340000.0,0.0,980000.0,70000.0,1540000.0,268.5,490000.0,246.5,0.0,490000.0,246.5,160000.0,330000.0,166.5,0.04412,0.04412,7480000.0,7480000.0,https://www.sec.gov/Archives/edgar/data/1297341/000114420410060804/0001144204-10-060804-index.htm,https://www.sec.gov/Archives/edgar/data/1297341/000114420410052616/v198339_10k.htm
0,2010-06-30,KFFB,2010-10-06,2010-10-06 13:14:36,Q4,1650000.0,1130000.0,520000.0,0.3151515151515151,0.0,1240000.0,0.0,0.0,2370000.0,0.0,1130000.0,70000.0,1610000.0,0.22300556586270873,410000.0,0.15064935064935064,0.0,410000.0,0.15064935064935064,140000.0,270000.0,0.10018552875695733,0.03581,0.03581,7540000.0,7540000.0,https://www.sec.gov/Archives/edgar/data/1297341/000114420410052616/0001144204-10-052616-index.htm,https://www.sec.gov/Archives/edgar/data/1297341/000114420410052616/v198339_10k.htm
0,2010-03-31,KFFB,2010-05-17,2010-05-17 16:27:11,Q3,1800000.0,1200000.0,600000.0,0.3333333333333333,0.0,1340000.0,0.0,0.0,2540000.0,0.0,1200000.0,70000.0,1730000.0,0.14945280437756497,460000.0,0.1569767441860465,0.0,460000.0,0.1569767441860465,160000.0,300000.0,0.10328317373461013,0.03953,0.03953,7590000.0,7590000.0,https://www.sec.gov/Archives/edgar/data/1297341/000114420410028339/0001144204-10-028339-index.htm,https://www.sec.gov/Archives/edgar/data/1297341/000114420410028339/v185326_10q.htm
0,2009-12-31,KFFB,2010-02-16,2010-02-16 06:29:24,Q2,1640000.0,1280000.0,360000.0,0.21951219512195122,0.0,1340000.0,0.0,0.0,2620000.0,0.0,1280000.0,90000.0,1670000.0,0.11343804537521815,310000.0,0.11343804537521815,0.0,310000.0,0.11343804537521815,100000.0,200000.0,0.07504363001745201,0.02649,0.02649,7550000.0,7550000.0,https://www.sec.gov/Archives/edgar/data/1297341/000114420410007659/0001144204-10-007659-index.htm,https://www.sec.gov/Archives/edgar/data/1297341/000114420410007659/v174336_10q.htm
0,2009-09-30,KFFB,2009-11-16,2009-11-16 14:52:22,Q1,1600000.0,1370000.0,230000.0,0.14375,0.0,2170000.0,0.0,0.0,3540000.0,0.0,1370000.0,70000.0,870000.0,-0.1903939184519696,-570000.0,-0.19004837595024188,0.0,-570000.0,-0.19004837595024188,-200000.0,-370000.0,-0.12508638562543192,-0.04907,-0.04907,7540000.0,7540000.0,https://www.sec.gov/Archives/edgar/data/1297341/000114420409059649/0001144204-09-059649-index.htm,https://www.sec.gov/Archives/edgar/data/1297341/000114420409050215/v161366_10k.htm
0,2009-06-30,KFFB,2009-09-28,2009-09-28 09:29:11,Q4,1620000.0,1420000.0,200000.0,0.12345679012345678,0.0,1170000.0,0.0,4608000.0,2590000.0,-3462000.0,1420000.0,79999.99999999999,1950000.0,0.14976494291470785,450000.0,0.15177971793149764,66000.0,450000.0,0.15177971793149764,710000.0,-260000.0,-0.21860308932169242,-0.03448,-0.03448,7540000.0,7540000.0,https://www.sec.gov/Archives/edgar/data/1297341/000114420409050215/0001144204-09-050215-index.htm,https://www.sec.gov/Archives/edgar/data/1297341/000114420409050215/v161366_10k.htm
0,2009-03-31,KFFB,2009-05-11,2009-05-11 15:37:32,Q3,1690000.0,1430000.0,260000.0,0.15384615384615385,0.0,1170000.0,0.0,3462000.0,2600000.0,3462000.0,1430000.0,80000.0,2030000.0,0.17358613926119648,520000.0,0.16999019287348807,61.0,520000.0,0.16999019287348807,170000.0,350000.0,0.16999019287348807,0.04636,0.04636,7550000.0,7550000.0,https://www.sec.gov/Archives/edgar/data/1297341/000114420409025354/0001144204-09-025354-index.htm,https://www.sec.gov/Archives/edgar/data/1297341/000114420409025354/v148575_10q.htm
0,2008-12-31,KFFB,2009-02-17,2009-02-17 16:32:58,Q2,1620000.0,1500000.0,120000.0,0.07407407407407407,0.0,1150000.0,0.0,2292000.0,2650000.0,2292000.0,1500000.0,80000.00000000001,2050000.0,0.15500327011118378,470000.0,0.15500327011118378,59.0,470000.0,0.15500327011118378,150000.0,320000.0,0.15500327011118378,0.04188,0.04188,7640000.0,7640000.0,https://www.sec.gov/Archives/edgar/data/1297341/000114420409009111/0001144204-09-009111-index.htm,https://www.sec.gov/Archives/edgar/data/1297341/000114420409009111/v140162_10q.htm
0,2008-09-30,KFFB,2008-11-14,2008-11-14 14:23:23,Q1,1630000.0,1560000.0,70000.0,0.04294478527607362,0.0,1170000.0,0.0,1146000.0,2730000.0,1146000.0,1560000.0,70000.0,2090000.0,0.14883423826253592,470000.0,0.1485148514851485,55.0,470000.0,0.1485148514851485,150000.0,310000.0,0.1485148514851485,0.04068,0.04068,7620000.0,7620000.0,https://www.sec.gov/Archives/edgar/data/1297341/000114420408064141/0001144204-08-064141-index.htm,https://www.sec.gov/Archives/edgar/data/1297341/000114420408055035/v127436_10k.htm
0,2008-06-30,KFFB,2008-09-29,2008-09-29 15:26:10,Q4,1520000.0,1630000.0,-110000.0,-0.07236842105263158,0.0,1060000.0,0.0,4321000.0,2690000.0,4321000.0,1630000.0,39999.99999999999,2130000.0,0.15876089060987417,460000.0,0.14746692481445628,49000.0,460000.0,0.14746692481445628,150000.0,310000.0,0.005808325266214908,0.04042,0.04042,7670000.0,7670000.0,https://www.sec.gov/Archives/edgar/data/1297341/000114420408055035/0001144204-08-055035-index.htm,https://www.sec.gov/Archives/edgar/data/1297341/000114420408055035/v127436_10k.htm
0,2008-03-31,KFFB,2008-05-14,2008-05-14 16:21:17,Q3,1470000.0,1830000.0,-360000.0,-0.24489795918367346,0.0,1080000.0,0.0,3260000.0,2910000.0,3260000.0,1830000.0,39999.99999999999,2250000.0,0.11381113503537373,390000.0,0.11842509996924024,45.0,390000.0,0.11842509996924024,120000.0,260000.0,0.11842509996924024,0.03381,0.03381,7690000.0,7690000.0,https://www.sec.gov/Archives/edgar/data/1297341/000114420408028735/0001144204-08-028735-index.htm,https://www.sec.gov/Archives/edgar/data/1297341/000114420408028735/v114218_10-q.htm
0,2007-12-31,KFFB,2008-02-14,2008-02-14 15:45:58,Q2,1390000.0,2050000.0,-660000.0,-0.4748201438848921,0.0,1080000.0,0.0,2123000.0,3130000.0,2123000.0,2050000.0,30000.000000000007,2390000.0,0.0878278809313292,310000.0,0.09136457412319482,43.0,310000.0,0.09136457412319482,100000.0,210000.0,0.09136457412319482,0.0271,0.0271,7750000.0,7750000.0,https://www.sec.gov/Archives/edgar/data/1297341/000120677408000313/0001206774-08-000313-index.htm,https://www.sec.gov/Archives/edgar/data/1297341/000120677408000313/kentucky_10q.htm
0,2007-09-30,KFFB,2007-11-14,2007-11-14 17:17:37,Q1,1330000.0,2060000.0,-730000.0,-0.5488721804511278,0.0,1110000.0,0.0,1077000.0,3170000.0,1077000.0,2060000.0,70000.0,2350000.0,0.06339712918660287,220000.0,0.06549043062200957,45.0,220000.0,0.06549043062200957,70000.0,150000.0,0.06549043062200957,0.01918,0.01918,7820000.0,7820000.0,https://www.sec.gov/Archives/edgar/data/1297341/000120677407002670/0001206774-07-002670-index.htm,https://www.sec.gov/Archives/edgar/data/1297341/000120677407002231/kf134581.htm
0,2007-06-30,KFFB,2007-09-28,2007-09-28 13:35:29,Q4,1350000.0,1980000.0,-630000.0,-0.4666666666666667,0.0,1000000.0,0.0,4233000.0,2980000.0,4233000.0,1980000.0,39999.99999999999,2370000.0,0.10915171784737002,350000.0,0.1061112800243235,40000.0,350000.0,0.1061112800243235,110000.0,240000.0,-0.020674977196716328,0.03019,0.03019,7950000.0,7950000.0,https://www.sec.gov/Archives/edgar/data/1297341/000120677407002231/0001206774-07-002231-index.htm,https://www.sec.gov/Archives/edgar/data/1297341/000120677407002231/kf134581.htm
0,2007-03-31,KFFB,2007-05-15,2007-05-15 15:25:09,Q3,1410000.0,1890000.0,-480000.0,-0.3404255319148936,0.0,1100000.0,0.0,3262000.0,2990000.0,3262000.0,1890000.0,30000.0,2230000.0,0.09166410335281452,310000.0,0.09504767763764996,51.0,310000.0,0.09504767763764996,100000.0,210000.0,0.09504767763764996,0.02628,0.02628,7990000.0,7990000.0,https://www.sec.gov/Archives/edgar/data/1297341/000120677407001408/0001206774-07-001408-index.htm,https://www.sec.gov/Archives/edgar/data/1297341/000120677407001408/kf134581.htm
0,2006-12-31,KFFB,2007-02-14,2007-02-14 14:17:32,Q2,1440000.0,1800000.0,-360000.0,-0.25,0.0,1140000.0,0.0,2195000.0,2940000.0,2195000.0,1800000.0,40000.0,2130000.0,0.09244750861798809,300000.0,0.09338765277342526,47.0,300000.0,0.09338765277342526,90000.0,200000.0,0.09338765277342526,0.02469,0.02469,8100000.0,8100000.0,https://www.sec.gov/Archives/edgar/data/1297341/000120677407000394/0001206774-07-000394-index.htm,https://www.sec.gov/Archives/edgar/data/1297341/000120677407000394/kf134581.htm
0,2006-09-30,KFFB,2006-11-14,2006-11-14 10:47:38,Q1,1470000.0,1790000.0,-320000.0,-0.21768707482993196,0.0,1120000.0,0.0,1118000.0,2910000.0,1118000.0,1790000.0,40000.0,2170000.0,0.10662107553621386,350000.0,0.10755362138638483,36.0,350000.0,0.10755362138638483,110000.0,230000.0,0.10755362138638483,0.0285,0.0285,8070000.0,8070000.0,https://www.sec.gov/Archives/edgar/data/1297341/000120677406002335/0001206774-06-002335-index.htm,https://www.sec.gov/Archives/edgar/data/1297341/000120677406002041/kf101235.htm
0,2006-06-30,KFFB,2006-09-28,2006-09-28 15:31:40,Q4,1550000.0,1620000.0,-70000.0,-0.04516129032258064,0.0,1070000.0,0.0,4355000.0,2690000.0,4355000.0,1620000.0,40000.00000000001,2130000.0,0.6803696622052262,480000.0,0.677182919056724,30000.0,480000.0,0.15200764818355642,150000.0,320000.0,-0.07839388145315487,0.03936,0.03936,8130000.0,8130000.0,https://www.sec.gov/Archives/edgar/data/1297341/000120677406002041/0001206774-06-002041-index.htm,https://www.sec.gov/Archives/edgar/data/1297341/000120677406002041/kf101235.htm
0,2006-03-31,KFFB,2006-05-15,2006-05-15 12:06:32,Q3,1660000.0,1570000.0,90000.0,0.05421686746987952,0.0,1210000.0,0.0,3286000.0,2780000.0,3286000.0,1570000.0,40000.00000000001,2070000.0,-0.37362291469940195,460000.0,-0.37425243940824676,64.0,460000.0,0.14447592067988668,140000.0,320000.0,0.14447592067988668,0.03907,0.03907,8190000.0,8190000.0,https://www.sec.gov/Archives/edgar/data/1297341/000120677406001169/0001206774-06-001169-index.htm,https://www.sec.gov/Archives/edgar/data/1297341/000120677406001169/kf101235.htm
0,2005-12-31,KFFB,2006-02-14,2006-02-14 14:36:57,Q2,1740000.0,1500000.0,240000.0,0.13793103448275862,0.0,1080000.0,0.0,2086000.0,2580000.0,2086000.0,1500000.0,49999.99999999999,2220000.0,0.22033898305084745,670000.0,0.2106089139987445,63.0,670000.0,0.2106089139987445,220000.0,450000.0,0.2106089139987445,0.05428,0.05428,8290000.0,8290000.0,https://www.sec.gov/Archives/edgar/data/1297341/000120677406000241/0001206774-06-000241-index.htm,https://www.sec.gov/Archives/edgar/data/1297341/000120677406000241/kf101235.htm
0,2005-09-30,KFFB,2005-11-14,2005-11-14 16:25:55,Q1,1740000.0,1530000.0,210000.0,0.1206896551724138,0.0,1030000.0,0.0,1020000.0,2560000.0,1020000.0,1530000.0,40000.0,2270000.0,0.20885286783042395,700000.0,0.2194513715710723,59.0,700000.0,0.2194513715710723,210000.0,490000.0,0.2194513715710723,0.05932,0.05932,8260000.0,8260000.0,https://www.sec.gov/Archives/edgar/data/1297341/000120677405001819/0001206774-05-001819-index.htm,https://www.sec.gov/Archives/edgar/data/1297341/000120677405001599/kf101235.htm
0,2005-06-30,KFFB,2005-09-28,2005-09-28 10:21:45,Q4,1970000.0,1440000.0,530000.0,0.26903553299492383,0.0,1010000.0,0.0,2509000.0,2450000.0,2509000.0,1440000.0,39999.99999999999,2440000.0,0.7769399937166196,950000.0,0.7750549795790135,229000.0,950000.0,0.2997172478793591,360000.0,600000.0,0.025761859880615773,0.06977,0.06977,8600000.0,8600000.0,https://www.sec.gov/Archives/edgar/data/1297341/000120677405001599/0001206774-05-001599-index.htm,https://www.sec.gov/Archives/edgar/data/1297341/000120677405001599/kf101235.htm
0,2005-03-31,KFFB,,Not found...,Q3,1270000.0,840000.0,1270000.0,1.0,0.0,710000.0,0.0,0.0,1550000.0,0.0,840000.0,30000.000000000007,1440000.0,0.0,560000.0,0.0,0.0,560000.0,0.0,180000.0,390000.0,0.0,0.04535,0.04535,8600000.0,8600000.0,,
