,date,symbol,fillingDate,acceptedDate,period,revenue,costOfRevenue,grossProfit,grossProfitRatio,researchAndDevelopmentExpenses,generalAndAdministrativeExpenses,sellingAndMarketingExpenses,otherExpenses,operatingExpenses,costAndExpenses,interestExpense,depreciationAndAmortization,ebitda,ebitdaratio,operatingIncome,operatingIncomeRatio,totalOtherIncomeExpensesNet,incomeBeforeTax,incomeBeforeTaxRatio,incomeTaxExpense,netIncome,netIncomeRatio,eps,epsdiluted,weightedAverageShsOut,weightedAverageShsOutDil,link,finalLink
0,2020-09-30,NAVI,2020-10-30,2020-10-30 16:21:59,Q3,513000000,0.0,0.0,0.0,0.0,0.0,0.0,0.0,0.0,0.0,425000000,0.0,0.0,0.0,0.0,0.5048732943469786,0.0,259000000,0.5048732943469786,52000000,207000000,0.40350877192982454,1.08,1.07,186280079,186280079,https://www.sec.gov/Archives/edgar/data/1593538/000156459020049321/0001564590-20-049321-index.htm,https://www.sec.gov/Archives/edgar/data/1593538/000156459020049321/navi-10q_20200930.htm
0,2020-06-30,NAVI,2020-08-05,2020-08-05 17:04:01,Q2,433000000,0.0,0.0,0.0,0.0,117000000,0.0,0.0,0.0,0.0,519000000,0.0,0.0,0.0,0.0,0.39260969976905313,0.0,170000000,0.39260969976905313,45000000,125000000,0.28868360277136257,0.65,0.64,194000000,195000000,https://www.sec.gov/Archives/edgar/data/1593538/000156459020036909/0001564590-20-036909-index.htm,https://www.sec.gov/Archives/edgar/data/1593538/000156459020036909/navi-10q_20200630.htm
0,2020-03-31,NAVI,2020-05-01,2020-05-01 16:13:30,Q1,225000000,0.0,0.0,0.0,0.0,124000000,0.0,0.0,0.0,0.0,714000000,0.0,0.0,0.0,0.0,-0.5822222222222222,0.0,-131000000,-0.5822222222222222,-25000000,-106000000,-0.4711111111111111,-0.53,-0.53,200000000,200000000,https://www.sec.gov/Archives/edgar/data/1593538/000156459020020503/0001564590-20-020503-index.htm,https://www.sec.gov/Archives/edgar/data/1593538/000156459020007457/navi-10k_20191231.htm
0,2019-12-31,NAVI,2020-02-27,2020-02-27 17:05:04,Q4,527000000,0.0,0.0,0.0,0.0,116000000,0.0,0.0,0.0,0.0,774000000,0.0,0.0,0.0,0.0,0.4155597722960152,0.0,219000000,0.4155597722960152,47000000,172000000,0.32637571157495254,0.79,0.78,216455696,221000000,https://www.sec.gov/Archives/edgar/data/1593538/000156459020007457/0001564590-20-007457-index.htm,https://www.sec.gov/Archives/edgar/data/1593538/000156459020007457/navi-10k_20191231.htm
0,2019-09-30,NAVI,2019-11-01,2019-11-01 16:30:36,Q3,508000000,0.0,0.0,0.0,0.0,120000000,0.0,0.0,0.0,0.0,854000000,0.0,0.0,0.0,0.0,0.3641732283464567,0.0,185000000,0.3641732283464567,40000000,145000000,0.2854330708661417,0.64,0.63,226562500,228000000,https://www.sec.gov/Archives/edgar/data/1593538/000156459019039431/0001564590-19-039431-index.htm,https://www.sec.gov/Archives/edgar/data/1593538/000156459019039431/navi-10q_20190930.htm
0,2019-06-30,NAVI,2019-08-02,2019-08-02 16:23:33,Q2,471000000,0.0,0.0,0.0,0.0,125000000,0.0,0.0,0.0,0.0,911000000,0.0,0.0,0.0,0.0,0.4118895966029724,0.0,194000000,0.4118895966029724,41000000,153000000,0.3248407643312102,0.65,0.64,235384615,238000000,https://www.sec.gov/Archives/edgar/data/1593538/000156459019028388/0001564590-19-028388-index.htm,https://www.sec.gov/Archives/edgar/data/1593538/000156459019028388/navi-10q_20190630.htm
0,2019-03-31,NAVI,2019-05-03,2019-05-03 16:49:22,Q1,489000000,0.0,0.0,0.0,0.0,128000000,0.0,0.0,0.0,0.0,949000000,0.0,0.0,0.0,0.0,0.33537832310838445,0.0,164000000,0.33537832310838445,36000000,128000000,0.261758691206544,0.52,0.52,246153846,247000000,https://www.sec.gov/Archives/edgar/data/1593538/000156459019015717/0001564590-19-015717-index.htm,https://www.sec.gov/Archives/edgar/data/1593538/000156459019004187/navi-10k_20181231.htm
0,2018-12-31,NAVI,2019-02-26,2019-02-25 21:05:30,Q4,429000000,0.0,0.0,0.0,0.0,127000000,0.0,0.0,0.0,0.0,961000000,0.0,0.0,0.0,0.0,0.2494172494172494,0.0,107000000,0.2494172494172494,35000000,72000000,0.16783216783216784,0.28,0.28,257142857,257142857,https://www.sec.gov/Archives/edgar/data/1593538/000156459019004187/0001564590-19-004187-index.htm,https://www.sec.gov/Archives/edgar/data/1593538/000156459019004187/navi-10k_20181231.htm
0,2018-09-30,NAVI,2018-11-02,2018-11-02 16:24:10,Q3,512000000,0.0,0.0,0.0,0.0,121000000,0.0,0.0,0.0,0.0,935000000,0.0,0.0,0.0,0.0,0.287109375,0.0,147000000,0.287109375,33000000,114000000,0.22265625,0.44,0.43,259090909,264000000,https://www.sec.gov/Archives/edgar/data/1593538/000156459018026503/0001564590-18-026503-index.htm,https://www.sec.gov/Archives/edgar/data/1593538/000156459018026503/navi-10q_20180930.htm
0,2018-06-30,NAVI,2018-08-03,2018-08-03 16:22:09,Q2,441000000,0.0,0.0,0.0,0.0,125000000,0.0,0.0,0.0,0.0,929000000,0.0,0.0,0.0,0.0,0.2562358276643991,0.0,113000000,0.2562358276643991,30000000,83000000,0.18820861678004536,0.31,0.31,265000000,269000000,https://www.sec.gov/Archives/edgar/data/1593538/000156459018019172/0001564590-18-019172-index.htm,https://www.sec.gov/Archives/edgar/data/1593538/000156459018019172/navi-10q_20180630.htm
0,2018-03-31,NAVI,2018-05-03,2018-05-03 17:09:23,Q1,540000000,0.0,0.0,0.0,0.0,134000000,0.0,0.0,0.0,0.0,843000000,0.0,0.0,0.0,0.0,0.3,0.0,162000000,0.3,36000000,126000000,0.23333333333333334,0.48,0.47,262500000,269000000,https://www.sec.gov/Archives/edgar/data/1593538/000156459018010743/0001564590-18-010743-index.htm,https://www.sec.gov/Archives/edgar/data/1593538/000156459018003273/navi-10k_20171231.htm
0,2017-12-31,NAVI,2018-02-26,2018-02-26 17:28:09,Q4,587000000,0.0,0.0,0.0,0.0,138000000,0.0,0.0,0.0,0.0,793000000,0.0,0.0,0.0,0.0,0.3100511073253833,0.0,182000000,0.3100511073253833,266000000,-84000000,-0.14310051107325383,-0.32,-0.32,262500000,263000000,https://www.sec.gov/Archives/edgar/data/1593538/000156459018003273/0001564590-18-003273-index.htm,https://www.sec.gov/Archives/edgar/data/1593538/000156459018003273/navi-10k_20171231.htm
0,2017-09-30,NAVI,2017-10-27,2017-10-27 16:25:31,Q3,619000000,0.0,0.0,0.0,0.0,128000000,0.0,0.0,0.0,0.0,785000000,0.0,0.0,0.0,0.0,0.4345718901453958,0.0,269000000,0.4345718901453958,93000000,176000000,0.284329563812601,0.65,0.64,270769231,274000000,https://www.sec.gov/Archives/edgar/data/1593538/000119312517323117/0001193125-17-323117-index.htm,https://www.sec.gov/Archives/edgar/data/1593538/000119312517323117/d473313d10q.htm
0,2017-06-30,NAVI,2017-08-01,2017-08-01 16:27:36,Q2,513000000,0.0,0.0,0.0,0.0,124000000,0.0,0.0,0.0,0.0,719000000,0.0,0.0,0.0,0.0,0.33528265107212474,0.0,172000000,0.33528265107212474,60000000,112000000,0.21832358674463936,0.4,0.392982,280000000,285000000,https://www.sec.gov/Archives/edgar/data/1593538/000119312517244289/0001193125-17-244289-index.htm,https://www.sec.gov/Archives/edgar/data/1593538/000119312517244289/d404958d10q.htm
0,2017-03-31,NAVI,2017-04-27,2017-04-27 16:35:32,Q1,492000000,0.0,0.0,0.0,0.0,130000000,0.0,0.0,0.0,0.0,675000000,0.0,0.0,0.0,0.0,0.2865853658536585,0.0,141000000,0.2865853658536585,53000000,88000000,0.17886178861788618,0.31,0.3,283870968,296000000,https://www.sec.gov/Archives/edgar/data/1593538/000119312517143137/0001193125-17-143137-index.htm,https://www.sec.gov/Archives/edgar/data/1593538/000119312517056358/d293261d10k.htm
0,2016-12-31,NAVI,2017-02-24,2017-02-24 16:28:54,Q4,603000000,0.0,0.0,0.0,0.0,121000000,0.0,0.0,0.0,0.0,650000000,0.0,0.0,0.0,0.0,0.4013266998341625,0.0,242000000,0.4013266998341625,96000000,146000000,0.24212271973466004,0.49,0.48,295918367,300000000,https://www.sec.gov/Archives/edgar/data/1593538/000119312517056358/0001193125-17-056358-index.htm,https://www.sec.gov/Archives/edgar/data/1593538/000119312517056358/d293261d10k.htm
0,2016-09-30,NAVI,2016-11-07,2016-11-07 16:42:17,Q3,722000000,0.0,0.0,0.0,0.0,122000000,0.0,0.0,0.0,0.0,627000000,0.0,0.0,0.0,0.0,0.5221606648199446,0.0,377000000,0.5221606648199446,147000000,230000000,0.3185595567867036,0.74,0.73,310810811,316000000,https://www.sec.gov/Archives/edgar/data/1593538/000119312516761735/0001193125-16-761735-index.htm,https://www.sec.gov/Archives/edgar/data/1593538/000119312516761735/d256179d10q.htm
0,2016-06-30,NAVI,2016-07-25,2016-07-25 16:26:39,Q2,552000000,0.0,0.0,0.0,0.0,124000000,0.0,0.0,0.0,0.0,599000000,0.0,0.0,0.0,0.0,0.37318840579710144,0.0,206000000,0.37318840579710144,81000000,125000000,0.22644927536231885,0.39,0.38,320512821,328947368,https://www.sec.gov/Archives/edgar/data/1593538/000119312516656576/0001193125-16-656576-index.htm,https://www.sec.gov/Archives/edgar/data/1593538/000119312516656576/d201428d10q.htm
0,2016-03-31,NAVI,2016-04-28,2016-04-28 16:17:18,Q1,646000000,0.0,0.0,0.0,0.0,132000000,0.0,0.0,0.0,0.0,565000000,0.0,0.0,0.0,0.0,0.43962848297213625,0.0,284000000,0.43962848297213625,103000000,181000000,0.2801857585139319,0.53,0.53,341509434,343000000,https://www.sec.gov/Archives/edgar/data/1593538/000119312516563741/0001193125-16-563741-index.htm,https://www.sec.gov/Archives/edgar/data/1593538/000119312516478393/d35213d10k.htm
0,2015-12-31,NAVI,2016-02-25,2016-02-25 16:32:18,Q4,786000000,0.0,0.0,0.0,0.0,123000000,0.0,0.0,0.0,0.0,521000000,0.0,0.0,0.0,0.0,0.5750636132315522,0.0,452000000,0.5750636132315522,166000000,286000000,0.3638676844783715,0.8,0.79,357500000,361000000,https://www.sec.gov/Archives/edgar/data/1593538/000119312516478393/0001193125-16-478393-index.htm,https://www.sec.gov/Archives/edgar/data/1593538/000119312516478393/d35213d10k.htm
0,2015-09-30,NAVI,2015-10-30,2015-10-30 16:19:19,Q3,734000000,0.0,0.0,0.0,0.0,106000000,0.0,0.0,0.0,0.0,524000000,0.0,0.0,0.0,0.0,0.5177111716621253,0.0,380000000,0.5177111716621253,144000000,237000000,0.3228882833787466,0.64,0.63,370312500,375000000,https://www.sec.gov/Archives/edgar/data/1593538/000119312515360320/0001193125-15-360320-index.htm,https://www.sec.gov/Archives/edgar/data/1593538/000119312515360320/d71801d10q.htm
0,2015-06-30,NAVI,2015-08-03,2015-08-03 16:25:39,Q2,750000000,0.0,0.0,0.0,0.0,115000000,0.0,0.0,0.0,0.0,515000000,0.0,0.0,0.0,0.0,0.3933333333333333,0.0,295000000,0.3933333333333333,113000000,182000000,0.24266666666666667,0.48,0.47,379166667,387000000,https://www.sec.gov/Archives/edgar/data/1593538/000119312515274878/0001193125-15-274878-index.htm,https://www.sec.gov/Archives/edgar/data/1593538/000119312515274878/d939783d10q.htm
0,2015-03-31,NAVI,2015-04-30,2015-04-30 16:28:24,Q1,832000000,0.0,0.0,0.0,0.0,123000000,0.0,0.0,0.0,0.0,514000000,0.0,0.0,0.0,0.0,0.5685096153846154,0.0,473000000,0.5685096153846154,181000000,292000000,0.35096153846153844,0.73,0.72,400000000,405000000,https://www.sec.gov/Archives/edgar/data/1593538/000119312515162088/0001193125-15-162088-index.htm,https://www.sec.gov/Archives/edgar/data/1593538/000119312515070145/d832950d10k.htm
0,2014-12-31,NAVI,2015-02-27,2015-02-27 16:58:42,Q4,786000000,0.0,0.0,0.0,0.0,91000000,0.0,0.0,0.0,0.0,513000000,0.0,0.0,0.0,0.0,0.5356234096692112,0.0,421000000,0.5356234096692112,158000000,264000000,0.33587786259541985,0.65,0.64,404615385,413000000,https://www.sec.gov/Archives/edgar/data/1593538/000119312515070145/0001193125-15-070145-index.htm,https://www.sec.gov/Archives/edgar/data/1593538/000119312515070145/d832950d10k.htm
0,2014-09-30,NAVI,2014-10-30,2014-10-30 16:27:02,Q3,912000000,0.0,0.0,0.0,0.0,109000000,0.0,0.0,0.0,0.0,508000000,0.0,0.0,0.0,0.0,0.6151315789473685,0.0,561000000,0.6151315789473685,200000000,359000000,0.39364035087719296,0.87,0.85,412643678,423000000,https://www.sec.gov/Archives/edgar/data/1593538/000119312514389715/0001193125-14-389715-index.htm,https://www.sec.gov/Archives/edgar/data/1593538/000119312514389715/d788100d10q.htm
0,2014-06-30,NAVI,2014-08-01,2014-08-01 16:21:39,Q2,937000000,0.0,0.0,0.0,0.0,116000000,0.0,0.0,0.0,0.0,513000000,0.0,0.0,0.0,0.0,0.5314834578441836,0.0,498000000,0.5314834578441836,191000000,307000000,0.327641408751334,0.72,0.71,423611111,430000000,https://www.sec.gov/Archives/edgar/data/1593538/000119312514291601/0001193125-14-291601-index.htm,https://www.sec.gov/Archives/edgar/data/1593538/000119312514291601/d743153d10q.htm
0,2014-03-31,NAVI,2014-05-09 00:00:00,2014-05-09 17:19:16,Q1,825000000,0.0,0.0,0.0,0.0,142000000,0.0,0.0,0.0,0.0,530000000,0.0,0.0,0.0,0.0,0.4303030303030303,0.0,355000000,0.4303030303030303,136000000,219000000,0.26545454545454544,0.506222,0.506222,422739239,422739239,https://www.sec.gov/Archives/edgar/data/1593538/000119312514192760/0001193125-14-192760-index.html,https://www.sec.gov/Archives/edgar/data/1593538/000119312514192760/d711908d10q.htm
0,2013-12-31,NAVI,,Not found...,Q4,865000000,0.0,0.0,0.0,0.0,124000000,0.0,0.0,0.0,0.0,544000000,0.0,0.0,0.0,0.0,0.3942196531791908,0.0,341000000,0.3942196531791908,131000000,269000000,0.3109826589595376,0.0,0.0,0.0,0.0,,
