,date,symbol,fillingDate,acceptedDate,period,revenue,costOfRevenue,grossProfit,grossProfitRatio,researchAndDevelopmentExpenses,generalAndAdministrativeExpenses,sellingAndMarketingExpenses,otherExpenses,operatingExpenses,costAndExpenses,interestExpense,depreciationAndAmortization,ebitda,ebitdaratio,operatingIncome,operatingIncomeRatio,totalOtherIncomeExpensesNet,incomeBeforeTax,incomeBeforeTaxRatio,incomeTaxExpense,netIncome,netIncomeRatio,eps,epsdiluted,weightedAverageShsOut,weightedAverageShsOutDil,link,finalLink
0,2020-09-30,SEC.TO,2020-09-30,2020-09-30,Q3,47066000,0.0,0.0,0.0,0.0,5680000.0,0.0,0.0,0.0,0.0,4676000.0,0.0,0.0,0.0,0.0,0.7597628861598607,0.0,35759000,0.7597628861598607,5820000.0,28889000,0.6137976458590065,10.83,10.83,2667498.0,2667498.0,https://www.sedar.com/ModifyCompanyDocumentSearchForm.do?lang=EN&company_search=Senvest Capital Inc&document_selection=0&industry_group=A&FromDate=13&FromMonth=05&FromYear=2000&ToDate=13&ToMonth=11&ToYear=2020&Variable=Issuer,https://www.sedar.com/ModifyCompanyDocumentSearchForm.do?lang=EN&company_search=Senvest Capital Inc&document_selection=0&industry_group=A&FromDate=13&FromMonth=05&FromYear=2000&ToDate=13&ToMonth=11&ToYear=2020&Variable=Issuer
0,2020-06-30,SEC.TO,2020-06-30,2020-06-30,Q2,160617000,0.0,0.0,0.0,0.0,8757000.0,0.0,0.0,0.0,0.0,4454000.0,0.0,0.0,0.0,0.0,0.9224988637566385,0.0,148169000,0.9224988637566385,-17187000,161247000,1.0039223743439363,60.85,60.85,2649910.0,2649910.0,https://www.sedar.com/ModifyCompanyDocumentSearchForm.do?lang=EN&company_search=Senvest Capital Inc&document_selection=0&industry_group=A&FromDate=13&FromMonth=05&FromYear=2000&ToDate=13&ToMonth=11&ToYear=2020&Variable=Issuer,https://www.sedar.com/ModifyCompanyDocumentSearchForm.do?lang=EN&company_search=Senvest Capital Inc&document_selection=0&industry_group=A&FromDate=13&FromMonth=05&FromYear=2000&ToDate=13&ToMonth=11&ToYear=2020&Variable=Issuer
0,2020-03-31,SEC.TO,2020-03-31,2020-03-31,Q1,-342070000,0.0,0.0,0.0,0.0,10350000,0.0,0.0,0.0,0.0,8346000.0,0.0,0.0,0.0,0.0,1.0562633379132926,0.0,-361316000,1.0562633379132926,-10757000,-341993000,0.9997748998742947,-129.38,-129.38,2643322.0,2643322.0,https://www.sedar.com/ModifyCompanyDocumentSearchForm.do?lang=EN&company_search=Senvest Capital Inc&document_selection=0&industry_group=A&FromDate=13&FromMonth=05&FromYear=2000&ToDate=13&ToMonth=11&ToYear=2020&Variable=Issuer,https://www.sedar.com/ModifyCompanyDocumentSearchForm.do?lang=EN&company_search=Senvest Capital Inc&document_selection=0&industry_group=A&FromDate=13&FromMonth=05&FromYear=2000&ToDate=13&ToMonth=11&ToYear=2020&Variable=Issuer
0,2019-12-31,SEC.TO,2019-12-31,2019-12-31,Q4,127944000,0.0,0.0,0.0,0.0,8069000.0,0.0,0.0,0.0,0.0,15113000,0.0,0.0,0.0,0.0,0.8230085037203777,0.0,105299000,0.8230085037203777,14460000,85507000,0.6683158256737323,32.05513181265741,32.05513181265741,2667498.0,2667498.0,https://www.sedar.com/ModifyCompanyDocumentSearchForm.do?lang=EN&company_search=Senvest Capital Inc&document_selection=0&industry_group=A&FromDate=13&FromMonth=05&FromYear=2000&ToDate=13&ToMonth=11&ToYear=2020&Variable=Issuer,https://www.sedar.com/ModifyCompanyDocumentSearchForm.do?lang=EN&company_search=Senvest Capital Inc&document_selection=0&industry_group=A&FromDate=13&FromMonth=05&FromYear=2000&ToDate=13&ToMonth=11&ToYear=2020&Variable=Issuer
0,2019-09-30,SEC.TO,2019-09-30,2019-09-30,Q3,33843000,0.0,0.0,0.0,0.0,6611000.0,0.0,0.0,0.0,0.0,11333000,0.0,0.0,0.0,0.0,0.6056791655586089,0.0,20498000,0.6056791655586089,-758000.0,21091000,0.6232012528440151,7.86,7.86,2683333.0,2683333.0,https://www.sedar.com/ModifyCompanyDocumentSearchForm.do?lang=EN&company_search=Senvest Capital Inc&document_selection=0&industry_group=A&FromDate=13&FromMonth=05&FromYear=2000&ToDate=13&ToMonth=11&ToYear=2020&Variable=Issuer,https://www.sedar.com/ModifyCompanyDocumentSearchForm.do?lang=EN&company_search=Senvest Capital Inc&document_selection=0&industry_group=A&FromDate=13&FromMonth=05&FromYear=2000&ToDate=13&ToMonth=11&ToYear=2020&Variable=Issuer
0,2019-06-30,SEC.TO,2019-06-30,2019-06-30,Q2,-54909000,0.0,0.0,0.0,0.0,7063000.0,0.0,0.0,3348000.0,11852000,10773000,0.0,123572000,-2.2504871696807447,-2073000.0,1.2158480394835092,-53915000,-66761000,1.2158480394835092,-9128000.0,-56556000,1.0299950827733158,-21.04,-21.04,2688023.0,2688023.0,https://www.sedar.com/ModifyCompanyDocumentSearchForm.do?lang=EN&company_search=Senvest Capital Inc&document_selection=0&industry_group=A&FromDate=13&FromMonth=05&FromYear=2000&ToDate=13&ToMonth=11&ToYear=2020&Variable=Issuer,https://www.sedar.com/ModifyCompanyDocumentSearchForm.do?lang=EN&company_search=Senvest Capital Inc&document_selection=0&industry_group=A&FromDate=13&FromMonth=05&FromYear=2000&ToDate=13&ToMonth=11&ToYear=2020&Variable=Issuer
0,2019-03-31,SEC.TO,2019-03-31,2019-03-31,Q1,85251000,9003000.0,1121000.0,0.013149405872071881,0.0,6675000.0,0.0,0.0,3507000.0,15678000,10547000,0.0,-74211000,-0.8705000527853046,-5554000.0,0.8160959988739135,85674000,69573000,0.8160959988739135,7372000.0,54751000,0.6422329356840389,20.36,20.36,2688624.0,2688624.0,https://www.sedar.com/ModifyCompanyDocumentSearchForm.do?lang=EN&company_search=Senvest Capital Inc&document_selection=0&industry_group=A&FromDate=13&FromMonth=05&FromYear=2000&ToDate=13&ToMonth=11&ToYear=2020&Variable=Issuer,https://www.sedar.com/ModifyCompanyDocumentSearchForm.do?lang=EN&company_search=Senvest Capital Inc&document_selection=0&industry_group=A&FromDate=13&FromMonth=05&FromYear=2000&ToDate=13&ToMonth=11&ToYear=2020&Variable=Issuer
0,2018-12-31,SEC.TO,2018-12-31,2018-12-31,Q4,-184671000,4522000.0,10480000,-0.05674957085844556,0.0,8089000.0,0.0,0.0,3770000.0,12611000,6881000.0,0.0,258280000,-1.3985953398205457,2391000.0,1.0682890112686887,-192792000,-197282000,1.0682890112686887,-16676000,-152197000,0.8241521408342404,-57.05608776463937,-57.05608776463937,2667498.0,2667498.0,https://www.sedar.com/ModifyCompanyDocumentSearchForm.do?lang=EN&company_search=Senvest Capital Inc&document_selection=0&industry_group=A&FromDate=13&FromMonth=05&FromYear=2000&ToDate=13&ToMonth=11&ToYear=2020&Variable=Issuer,https://www.sedar.com/ModifyCompanyDocumentSearchForm.do?lang=EN&company_search=Senvest Capital Inc&document_selection=0&industry_group=A&FromDate=13&FromMonth=05&FromYear=2000&ToDate=13&ToMonth=11&ToYear=2020&Variable=Issuer
0,2018-09-30,SEC.TO,2018-09-30,2018-09-30,Q3,16805000,6942000.0,-451000.0,-0.026837250818208865,0.0,6462000.0,0.0,0.0,3734000.0,13404000,7613000.0,0.0,-3135000.0,-0.18655162154120797,-6913000.0,0.20238024397500745,17927000,3401000.0,0.20238024397500745,171000.0,2478000.0,0.1474561142517108,0.92,0.92,2693478.0,2693478.0,https://www.sedar.com/ModifyCompanyDocumentSearchForm.do?lang=EN&company_search=Senvest Capital Inc&document_selection=0&industry_group=A&FromDate=13&FromMonth=05&FromYear=2000&ToDate=13&ToMonth=11&ToYear=2020&Variable=Issuer,https://www.sedar.com/ModifyCompanyDocumentSearchForm.do?lang=EN&company_search=Senvest Capital Inc&document_selection=0&industry_group=A&FromDate=13&FromMonth=05&FromYear=2000&ToDate=13&ToMonth=11&ToYear=2020&Variable=Issuer
0,2018-06-30,SEC.TO,2018-06-30,2018-06-30,Q2,41567000,10459000,-5172000.0,-0.12442562609762552,0.0,7989000.0,0.0,0.0,4334000.0,18448000,8844000.0,0.0,-29098000,-0.7000264633002141,-13161000,0.55618639786369,45124000,23119000,0.55618639786369,1720000.0,19337000,0.46520076021844253,7.1,7.1,2723521.0,2723521.0,https://www.sedar.com/ModifyCompanyDocumentSearchForm.do?lang=EN&company_search=Senvest Capital Inc&document_selection=0&industry_group=A&FromDate=13&FromMonth=05&FromYear=2000&ToDate=13&ToMonth=11&ToYear=2020&Variable=Issuer,https://www.sedar.com/ModifyCompanyDocumentSearchForm.do?lang=EN&company_search=Senvest Capital Inc&document_selection=0&industry_group=A&FromDate=13&FromMonth=05&FromYear=2000&ToDate=13&ToMonth=11&ToYear=2020&Variable=Issuer
0,2018-03-31,SEC.TO,2018-03-31,2018-03-31,Q1,5827000.0,7288000.0,-6072000.0,-1.042045649562382,0.0,6319000.0,0.0,0.0,3449000.0,13607000,12827000,0.0,-16484000,-2.8288999485155313,-12391000,-1.3351638922258453,17438000,-7780000.0,-1.3351638922258453,640000.0,-9704000.0,-1.6653509524626737,-3.55,-3.55,2733521.0,2733521.0,https://www.sedar.com/ModifyCompanyDocumentSearchForm.do?lang=EN&company_search=Senvest Capital Inc&document_selection=0&industry_group=A&FromDate=13&FromMonth=05&FromYear=2000&ToDate=13&ToMonth=11&ToYear=2020&Variable=Issuer,https://www.sedar.com/ModifyCompanyDocumentSearchForm.do?lang=EN&company_search=Senvest Capital Inc&document_selection=0&industry_group=A&FromDate=13&FromMonth=05&FromYear=2000&ToDate=13&ToMonth=11&ToYear=2020&Variable=Issuer
0,2017-12-31,SEC.TO,2017-12-31,2017-12-31,Q4,11103000,0.0,0.0,0.0,0.0,6977000.0,0.0,0.0,3599000.0,20513000,12495000,0.0,3085000.0,0.2778528325677745,-492012000,-0.8475186886427092,495097000,-9410000.0,-0.8475186886427092,-10133000,491000.0,0.04422228226605422,0.18406761692042506,0.18406761692042506,2667498.0,2667498.0,https://www.sedar.com/ModifyCompanyDocumentSearchForm.do?lang=EN&company_search=Senvest Capital Inc&document_selection=0&industry_group=A&FromDate=13&FromMonth=05&FromYear=2000&ToDate=13&ToMonth=11&ToYear=2020&Variable=Issuer,https://www.sedar.com/ModifyCompanyDocumentSearchForm.do?lang=EN&company_search=Senvest Capital Inc&document_selection=0&industry_group=A&FromDate=13&FromMonth=05&FromYear=2000&ToDate=13&ToMonth=11&ToYear=2020&Variable=Issuer
0,2017-09-30,SEC.TO,2017-09-30,2017-09-30,Q3,135732000,0.0,0.0,0.0,0.0,6586000.0,0.0,0.0,3712000.0,33626000,10732000,0.0,202658000,1.4930745881590193,202658000,0.7522618100374266,-89820000,102106000,0.7522618100374266,15766000,74964000,0.55229422685881,27.1,27.1,2766199.0,2766199.0,https://www.sedar.com/ModifyCompanyDocumentSearchForm.do?lang=EN&company_search=Senvest Capital Inc&document_selection=0&industry_group=A&FromDate=13&FromMonth=05&FromYear=2000&ToDate=13&ToMonth=11&ToYear=2020&Variable=Issuer,https://www.sedar.com/ModifyCompanyDocumentSearchForm.do?lang=EN&company_search=Senvest Capital Inc&document_selection=0&industry_group=A&FromDate=13&FromMonth=05&FromYear=2000&ToDate=13&ToMonth=11&ToYear=2020&Variable=Issuer
0,2017-06-30,SEC.TO,2017-06-30,2017-06-30,Q2,74930000,0.0,0.0,0.0,0.0,7185000.0,0.0,0.0,3848000.0,14229000,11083000,0.0,36272000,0.48407847324169223,107296000,0.8101027625784065,35512000,60701000,0.8101027625784065,8155000.0,42669000,0.5694514880555185,15.4,15.4,2770714.0,2770714.0,https://www.sedar.com/ModifyCompanyDocumentSearchForm.do?lang=EN&company_search=Senvest Capital Inc&document_selection=0&industry_group=A&FromDate=13&FromMonth=05&FromYear=2000&ToDate=13&ToMonth=11&ToYear=2020&Variable=Issuer,https://www.sedar.com/ModifyCompanyDocumentSearchForm.do?lang=EN&company_search=Senvest Capital Inc&document_selection=0&industry_group=A&FromDate=13&FromMonth=05&FromYear=2000&ToDate=13&ToMonth=11&ToYear=2020&Variable=Issuer
0,2017-03-31,SEC.TO,2017-03-31,2017-03-31,Q1,80247000,0.0,0.0,0.0,0.0,6037000.0,0.0,0.0,3589000.0,12555000,6620000.0,0.0,32073000,0.39967849265393096,116551000,0.843545553104789,42239000,67692000,0.843545553104789,9496000.0,47843000,0.5961967425573542,17.24,17.24,2775116.0,2775116.0,https://www.sedar.com/ModifyCompanyDocumentSearchForm.do?lang=EN&company_search=Senvest Capital Inc&document_selection=0&industry_group=A&FromDate=13&FromMonth=05&FromYear=2000&ToDate=13&ToMonth=11&ToYear=2020&Variable=Issuer,https://www.sedar.com/ModifyCompanyDocumentSearchForm.do?lang=EN&company_search=Senvest Capital Inc&document_selection=0&industry_group=A&FromDate=13&FromMonth=05&FromYear=2000&ToDate=13&ToMonth=11&ToYear=2020&Variable=Issuer
0,2016-12-31,SEC.TO,2016-12-31,2016-12-31,Q4,54638000,0.0,0.0,0.0,0.0,5565000.0,0.0,0.0,3517000.0,24726000,4783000.0,0.0,39897000,0.7302060836780263,39897000,0.5474578132435302,-5202000.0,29912000,0.5474578132435302,2568000.0,26923000,0.49275229693619826,10.092978513948276,10.092978513948276,2667498.0,2667498.0,https://www.sedar.com/ModifyCompanyDocumentSearchForm.do?lang=EN&company_search=Senvest Capital Inc&document_selection=0&industry_group=A&FromDate=13&FromMonth=05&FromYear=2000&ToDate=13&ToMonth=11&ToYear=2020&Variable=Issuer,https://www.sedar.com/ModifyCompanyDocumentSearchForm.do?lang=EN&company_search=Senvest Capital Inc&document_selection=0&industry_group=A&FromDate=13&FromMonth=05&FromYear=2000&ToDate=13&ToMonth=11&ToYear=2020&Variable=Issuer
0,2016-09-30,SEC.TO,2016-09-30,2016-09-30,Q3,167907000,0.0,0.0,0.0,0.0,3817000.0,0.0,0.0,2255000.0,7753000.0,3688000.0,0.0,321143000,1.9126242503290511,321143000,0.9538256296640402,-157301000,160154000,0.9538256296640402,28579000,109942000,0.6547791336871006,39.08,39.08,2813255.0,2813255.0,https://www.sedar.com/ModifyCompanyDocumentSearchForm.do?lang=EN&company_search=Senvest Capital Inc&document_selection=0&industry_group=A&FromDate=13&FromMonth=05&FromYear=2000&ToDate=13&ToMonth=11&ToYear=2020&Variable=Issuer,https://www.sedar.com/ModifyCompanyDocumentSearchForm.do?lang=EN&company_search=Senvest Capital Inc&document_selection=0&industry_group=A&FromDate=13&FromMonth=05&FromYear=2000&ToDate=13&ToMonth=11&ToYear=2020&Variable=Issuer
0,2016-06-30,SEC.TO,2016-06-30,2016-06-30,Q2,40201000,0.0,0.0,0.0,0.0,3051000.0,0.0,0.0,1319000.0,5239000.0,4228000.0,0.0,67784000,1.6861272107659013,67784000,0.8696798587099823,-28594000,34962000,0.8696798587099823,14259000,14748000,0.36685654585706823,5.22,5.22,2825287.0,2825287.0,https://www.sedar.com/ModifyCompanyDocumentSearchForm.do?lang=EN&company_search=Senvest Capital Inc&document_selection=0&industry_group=A&FromDate=13&FromMonth=05&FromYear=2000&ToDate=13&ToMonth=11&ToYear=2020&Variable=Issuer,https://www.sedar.com/ModifyCompanyDocumentSearchForm.do?lang=EN&company_search=Senvest Capital Inc&document_selection=0&industry_group=A&FromDate=13&FromMonth=05&FromYear=2000&ToDate=13&ToMonth=11&ToYear=2020&Variable=Issuer
0,2016-03-31,SEC.TO,2016-03-31,2016-03-31,Q1,-79313000,0.0,0.0,0.0,0.0,5444000.0,0.0,0.0,2826000.0,7928000.0,5970000.0,0.0,-138642000,1.7480362613947271,-138642000,1.099958392697288,57371000,-87241000,1.099958392697288,-24800000,-54830000,0.6913116386973132,-19.47,-19.47,2816724.0,2816724.0,https://www.sedar.com/ModifyCompanyDocumentSearchForm.do?lang=EN&company_search=Senvest Capital Inc&document_selection=0&industry_group=A&FromDate=13&FromMonth=05&FromYear=2000&ToDate=13&ToMonth=11&ToYear=2020&Variable=Issuer,https://www.sedar.com/ModifyCompanyDocumentSearchForm.do?lang=EN&company_search=Senvest Capital Inc&document_selection=0&industry_group=A&FromDate=13&FromMonth=05&FromYear=2000&ToDate=13&ToMonth=11&ToYear=2020&Variable=Issuer
0,2015-12-31,SEC.TO,2015-12-31,2015-12-31,Q4,23873000,0.0,16102000,0.6744858208017426,0.0,9817000.0,0.0,0.0,6984000.0,13062000,6012000.0,0.0,236786000,9.91856909479328,3040000.0,0.4528546893980648,-219963000,10811000,0.4528546893980648,7144000.0,5469000.0,0.22908725338248231,2.050235838977199,2.050235838977199,2667498.0,2667498.0,https://www.sedar.com/ModifyCompanyDocumentSearchForm.do?lang=EN&company_search=Senvest Capital Inc&document_selection=0&industry_group=A&FromDate=13&FromMonth=05&FromYear=2000&ToDate=13&ToMonth=11&ToYear=2020&Variable=Issuer,https://www.sedar.com/ModifyCompanyDocumentSearchForm.do?lang=EN&company_search=Senvest Capital Inc&document_selection=0&industry_group=A&FromDate=13&FromMonth=05&FromYear=2000&ToDate=13&ToMonth=11&ToYear=2020&Variable=Issuer
0,2015-09-30,SEC.TO,2015-09-30,2015-09-30,Q3,-168175000,0.0,-286928000,1.7061275457113125,0.0,5035000.0,0.0,0.0,4016000.0,6739000.0,4102000.0,0.0,-293667000,1.7461988999554037,-293667000,1.040071354244091,122855000,-174914000,1.040071354244091,-14344000,-143444000,0.8529448491155047,-50.72,-50.72,2828155.0,2828155.0,https://www.sedar.com/ModifyCompanyDocumentSearchForm.do?lang=EN&company_search=Senvest Capital Inc&document_selection=0&industry_group=A&FromDate=13&FromMonth=05&FromYear=2000&ToDate=13&ToMonth=11&ToYear=2020&Variable=Issuer,https://www.sedar.com/ModifyCompanyDocumentSearchForm.do?lang=EN&company_search=Senvest Capital Inc&document_selection=0&industry_group=A&FromDate=13&FromMonth=05&FromYear=2000&ToDate=13&ToMonth=11&ToYear=2020&Variable=Issuer
0,2015-06-30,SEC.TO,2015-06-30,2015-06-30,Q2,-30916000,0.0,-50115000,1.6210053046965973,0.0,5856000.0,0.0,0.0,2931000.0,7659000.0,3873000.0,0.0,-57774000,1.8687411049294864,-57774000,1.1696855996894813,25485000,-36162000,1.1696855996894813,-1512000.0,-29819000,0.9645167550782766,-10.87,-10.87,2743238.0,2743238.0,https://www.sedar.com/ModifyCompanyDocumentSearchForm.do?lang=EN&company_search=Senvest Capital Inc&document_selection=0&industry_group=A&FromDate=13&FromMonth=05&FromYear=2000&ToDate=13&ToMonth=11&ToYear=2020&Variable=Issuer,https://www.sedar.com/ModifyCompanyDocumentSearchForm.do?lang=EN&company_search=Senvest Capital Inc&document_selection=0&industry_group=A&FromDate=13&FromMonth=05&FromYear=2000&ToDate=13&ToMonth=11&ToYear=2020&Variable=Issuer
0,2015-03-31,SEC.TO,2015-03-31,2015-03-31,Q1,108239000,0.0,154178000,1.4244218812073282,0.0,5201000.0,0.0,0.0,2936000.0,13652000,3102000.0,0.0,140526000,1.2982935910346547,140526000,0.8738717098273265,-42837000,94587000,0.8738717098273265,14295000,67967000,0.6279344783303615,24.33,24.21,2793424.0,2807394.0,https://www.sedar.com/ModifyCompanyDocumentSearchForm.do?lang=EN&company_search=Senvest Capital Inc&document_selection=0&industry_group=A&FromDate=13&FromMonth=05&FromYear=2000&ToDate=13&ToMonth=11&ToYear=2020&Variable=Issuer,https://www.sedar.com/ModifyCompanyDocumentSearchForm.do?lang=EN&company_search=Senvest Capital Inc&document_selection=0&industry_group=A&FromDate=13&FromMonth=05&FromYear=2000&ToDate=13&ToMonth=11&ToYear=2020&Variable=Issuer
0,2014-12-31,SEC.TO,2014-12-31,2014-12-31,Q4,149444000,0.0,216314000,1.4474585798024677,0.0,4861000.0,0.0,0.0,3849000.0,24296000,2831000.0,0.0,63940000,0.42785257353925216,192018000,0.8374240518187415,64039000,125148000,0.8374240518187415,15482000,93075000,0.6228085436685313,34.892247341891164,34.892247341891164,2667498.0,2667498.0,https://www.sedar.com/ModifyCompanyDocumentSearchForm.do?lang=EN&company_search=Senvest Capital Inc&document_selection=0&industry_group=A&FromDate=13&FromMonth=05&FromYear=2000&ToDate=13&ToMonth=11&ToYear=2020&Variable=Issuer,https://www.sedar.com/ModifyCompanyDocumentSearchForm.do?lang=EN&company_search=Senvest Capital Inc&document_selection=0&industry_group=A&FromDate=13&FromMonth=05&FromYear=2000&ToDate=13&ToMonth=11&ToYear=2020&Variable=Issuer
0,2014-09-30,SEC.TO,2014-09-30,2014-09-30,Q3,-25886000,0.0,0.0,0.0,0.0,4305000.0,0.0,0.0,0.0,0.0,887000.0,0.0,0.0,0.0,0.0,1.2038167349146256,0.0,-31162000,1.2038167349146256,-1090000.0,-25547000,0.9869041180560921,-9.11,-9.11,2804281.0,2804281.0,https://www.sedar.com/ModifyCompanyDocumentSearchForm.do?lang=EN&company_search=Senvest Capital Inc&document_selection=0&industry_group=A&FromDate=13&FromMonth=05&FromYear=2000&ToDate=13&ToMonth=11&ToYear=2020&Variable=Issuer,https://www.sedar.com/ModifyCompanyDocumentSearchForm.do?lang=EN&company_search=Senvest Capital Inc&document_selection=0&industry_group=A&FromDate=13&FromMonth=05&FromYear=2000&ToDate=13&ToMonth=11&ToYear=2020&Variable=Issuer
0,2014-06-30,SEC.TO,2014-06-30,2014-06-30,Q2,-13609000,0.0,-16237000,1.1931075023881255,0.0,4959000.0,0.0,0.0,2239000.0,6421000.0,723000.0,0.0,-22658000,1.6649276214269968,-22658000,1.4718201190388713,3351000.0,-20030000,1.4718201190388713,-258000.0,-19793000,1.454405173047248,-7.07,-7.09,2799576.0,2799576.0,https://www.sedar.com/ModifyCompanyDocumentSearchForm.do?lang=EN&company_search=Senvest Capital Inc&document_selection=0&industry_group=A&FromDate=13&FromMonth=05&FromYear=2000&ToDate=13&ToMonth=11&ToYear=2020&Variable=Issuer,https://www.sedar.com/ModifyCompanyDocumentSearchForm.do?lang=EN&company_search=Senvest Capital Inc&document_selection=0&industry_group=A&FromDate=13&FromMonth=05&FromYear=2000&ToDate=13&ToMonth=11&ToYear=2020&Variable=Issuer
0,2014-03-31,SEC.TO,2014-03-31,2014-03-31,Q1,102070000,0.0,150171000,1.4712550210639757,0.0,3763000.0,0.0,0.0,1615000.0,13573000,684000.0,0.0,136598000,1.338277652591359,136598000,0.8670226315273831,-47417000,88497000,0.8670226315273831,7140000.0,69563000,0.6815224845694131,24.83,24.83,2801571.0,2801571.0,https://www.sedar.com/ModifyCompanyDocumentSearchForm.do?lang=EN&company_search=Senvest Capital Inc&document_selection=0&industry_group=A&FromDate=13&FromMonth=05&FromYear=2000&ToDate=13&ToMonth=11&ToYear=2020&Variable=Issuer,https://www.sedar.com/ModifyCompanyDocumentSearchForm.do?lang=EN&company_search=Senvest Capital Inc&document_selection=0&industry_group=A&FromDate=13&FromMonth=05&FromYear=2000&ToDate=13&ToMonth=11&ToYear=2020&Variable=Issuer
0,2013-12-31,SEC.TO,2013-12-31,2013-12-31,Q4,94336000,0.0,146918000,1.5573906037991858,0.0,3807000.0,0.0,0.0,2014000.0,29620000,798000.0,0.0,65514000,0.6944750678426052,117298000,0.6860159430122117,51784000,64716000,0.6860159430122117,7697000.0,44702000,0.47385939620081413,16.758025685492548,16.758025685492548,2667498.0,2667498.0,https://www.sedar.com/ModifyCompanyDocumentSearchForm.do?lang=EN&company_search=Senvest Capital Inc&document_selection=0&industry_group=A&FromDate=13&FromMonth=05&FromYear=2000&ToDate=13&ToMonth=11&ToYear=2020&Variable=Issuer,https://www.sedar.com/ModifyCompanyDocumentSearchForm.do?lang=EN&company_search=Senvest Capital Inc&document_selection=0&industry_group=A&FromDate=13&FromMonth=05&FromYear=2000&ToDate=13&ToMonth=11&ToYear=2020&Variable=Issuer
0,2013-09-30,SEC.TO,2013-09-30,2013-09-30,Q3,63464000,0.0,98395000,1.5504065296861214,0.0,2419000.0,0.0,0.0,965000.0,9496000.0,912000.0,0.0,54880000,0.8647422160594983,88899000,0.8503718643640489,34019000,53968000,0.8503718643640489,5926000.0,40038000,0.6308773477877222,13.93,13.69,2874228.0,2924617.0,https://www.sedar.com/ModifyCompanyDocumentSearchForm.do?lang=EN&company_search=Senvest Capital Inc&document_selection=0&industry_group=A&FromDate=13&FromMonth=05&FromYear=2000&ToDate=13&ToMonth=11&ToYear=2020&Variable=Issuer,https://www.sedar.com/ModifyCompanyDocumentSearchForm.do?lang=EN&company_search=Senvest Capital Inc&document_selection=0&industry_group=A&FromDate=13&FromMonth=05&FromYear=2000&ToDate=13&ToMonth=11&ToYear=2020&Variable=Issuer
0,2013-06-30,SEC.TO,2013-06-30,2013-06-30,Q2,58727000,0.0,83615000,1.4237914417559214,0.0,3799000.0,0.0,0.0,1766000.0,9799000.0,1080000.0,0.0,50008000,0.8515333662540229,73816000,0.8331431879714611,23808000,48928000,0.8331431879714611,3656000.0,39387000,0.670679585199312,13.83,13.83,2847939.0,2847939.0,https://www.sedar.com/ModifyCompanyDocumentSearchForm.do?lang=EN&company_search=Senvest Capital Inc&document_selection=0&industry_group=A&FromDate=13&FromMonth=05&FromYear=2000&ToDate=13&ToMonth=11&ToYear=2020&Variable=Issuer,https://www.sedar.com/ModifyCompanyDocumentSearchForm.do?lang=EN&company_search=Senvest Capital Inc&document_selection=0&industry_group=A&FromDate=13&FromMonth=05&FromYear=2000&ToDate=13&ToMonth=11&ToYear=2020&Variable=Issuer
0,2013-03-31,SEC.TO,2013-03-31,2013-03-31,Q1,107665000,0.0,160748000,1.4930385919286677,0.0,2720000.0,0.0,0.0,1286000.0,5596000.0,693000.0,0.0,102762000,0.9544605953652533,155152000,0.9347048715924395,50956000,100635000,0.9347048715924395,7640000.0,82388000,0.7652254678864998,29.21,28.53,2820541.0,2887767.0,https://www.sedar.com/ModifyCompanyDocumentSearchForm.do?lang=EN&company_search=Senvest Capital Inc&document_selection=0&industry_group=A&FromDate=13&FromMonth=05&FromYear=2000&ToDate=13&ToMonth=11&ToYear=2020&Variable=Issuer,https://www.sedar.com/ModifyCompanyDocumentSearchForm.do?lang=EN&company_search=Senvest Capital Inc&document_selection=0&industry_group=A&FromDate=13&FromMonth=05&FromYear=2000&ToDate=13&ToMonth=11&ToYear=2020&Variable=Issuer
0,2012-12-31,SEC.TO,2012-12-31,2012-12-31,Q4,44205000,0.0,44814000,1.0137767220902614,0.0,-2965000.0,0.0,0.0,98000.0,4477000.0,125000.0,0.0,38895000,0.8798778418730913,40337000,0.8770501074539079,41479000,38770000,0.8770501074539079,1933000.0,34148000,0.7724917995701843,12.801509129528869,12.801509129528869,2667498.0,2667498.0,https://www.sedar.com/ModifyCompanyDocumentSearchForm.do?lang=EN&company_search=Senvest Capital Inc&document_selection=0&industry_group=A&FromDate=13&FromMonth=05&FromYear=2000&ToDate=13&ToMonth=11&ToYear=2020&Variable=Issuer,https://www.sedar.com/ModifyCompanyDocumentSearchForm.do?lang=EN&company_search=Senvest Capital Inc&document_selection=0&industry_group=A&FromDate=13&FromMonth=05&FromYear=2000&ToDate=13&ToMonth=11&ToYear=2020&Variable=Issuer
0,2012-09-30,SEC.TO,2012-09-30,2012-09-30,Q3,22749000,0.0,22749000,1.0,0.0,7171000.0,0.0,0.0,1212000.0,8383000.0,152000.0,0.0,14366000,0.6315002857268451,14366000,0.624818673348279,22005000,14214000,0.624818673348279,1740000.0,10772000,0.47351531935469693,3.83,3.83,2812533.0,2812533.0,https://www.sedar.com/ModifyCompanyDocumentSearchForm.do?lang=EN&company_search=Senvest Capital Inc&document_selection=0&industry_group=A&FromDate=13&FromMonth=05&FromYear=2000&ToDate=13&ToMonth=11&ToYear=2020&Variable=Issuer,https://www.sedar.com/ModifyCompanyDocumentSearchForm.do?lang=EN&company_search=Senvest Capital Inc&document_selection=0&industry_group=A&FromDate=13&FromMonth=05&FromYear=2000&ToDate=13&ToMonth=11&ToYear=2020&Variable=Issuer
0,2012-06-30,SEC.TO,2012-06-30,2012-06-30,Q2,-40361000,0.0,-40361000,1.0,0.0,-334000.0,0.0,0.0,1258000.0,924000.0,130000.0,0.0,-41285000,1.0228933871806942,-41285000,1.0261143182775452,-9429000.0,-41415000,1.0261143182775452,-3176000.0,-35202000,0.8721785882411238,-12.49,-12.62,2818415.0,2818415.0,https://www.sedar.com/ModifyCompanyDocumentSearchForm.do?lang=EN&company_search=Senvest Capital Inc&document_selection=0&industry_group=A&FromDate=13&FromMonth=05&FromYear=2000&ToDate=13&ToMonth=11&ToYear=2020&Variable=Issuer,https://www.sedar.com/ModifyCompanyDocumentSearchForm.do?lang=EN&company_search=Senvest Capital Inc&document_selection=0&industry_group=A&FromDate=13&FromMonth=05&FromYear=2000&ToDate=13&ToMonth=11&ToYear=2020&Variable=Issuer
0,2012-03-31,SEC.TO,2012-03-31,2012-03-31,Q1,78845000,0.0,78845000,1.0,0.0,1360000.0,0.0,0.0,1222000.0,2582000.0,202000.0,0.0,76263000,0.9672522036907857,76263000,0.9646902149787557,47269000,76061000,0.9646902149787557,5663000.0,64246000,0.8148392415498763,22.79,22.34,2819043.0,2875828.0,https://www.sedar.com/ModifyCompanyDocumentSearchForm.do?lang=EN&company_search=Senvest Capital Inc&document_selection=0&industry_group=A&FromDate=13&FromMonth=05&FromYear=2000&ToDate=13&ToMonth=11&ToYear=2020&Variable=Issuer,https://www.sedar.com/ModifyCompanyDocumentSearchForm.do?lang=EN&company_search=Senvest Capital Inc&document_selection=0&industry_group=A&FromDate=13&FromMonth=05&FromYear=2000&ToDate=13&ToMonth=11&ToYear=2020&Variable=Issuer
0,2011-12-31,SEC.TO,2011-12-31,2011-12-31,Q4,37384000,0.0,37384000,1.0,0.0,-985000.0,0.0,0.0,1063000.0,78000.0,236000.0,0.0,0.0,0.0,37306000,0.9916006847849347,0.0,37070000,0.9916006847849347,-3066000.0,37606000,1.005938369355874,14.097854993705711,14.097854993705711,2667498.0,2667498.0,https://www.sedar.com/ModifyCompanyDocumentSearchForm.do?lang=EN&company_search=Senvest Capital Inc&document_selection=0&industry_group=A&FromDate=13&FromMonth=05&FromYear=2000&ToDate=13&ToMonth=11&ToYear=2020&Variable=Issuer,https://www.sedar.com/ModifyCompanyDocumentSearchForm.do?lang=EN&company_search=Senvest Capital Inc&document_selection=0&industry_group=A&FromDate=13&FromMonth=05&FromYear=2000&ToDate=13&ToMonth=11&ToYear=2020&Variable=Issuer
0,2011-09-30,SEC.TO,2011-09-30,2011-09-30,Q3,112010000,0.0,112010000,1.0,0.0,-1356000.0,0.0,0.0,1472000.0,116000.0,142000.0,0.0,-112126000,-1.0010356218194805,111894000,-1.0023033657709133,113434000,-112268000,-1.0023033657709133,-4563000.0,-98492000,-0.8793143469333096,-34.92,-34.92,2820504.0,2820504.0,https://www.sedar.com/ModifyCompanyDocumentSearchForm.do?lang=EN&company_search=Senvest Capital Inc&document_selection=0&industry_group=A&FromDate=13&FromMonth=05&FromYear=2000&ToDate=13&ToMonth=11&ToYear=2020&Variable=Issuer,https://www.sedar.com/ModifyCompanyDocumentSearchForm.do?lang=EN&company_search=Senvest Capital Inc&document_selection=0&industry_group=A&FromDate=13&FromMonth=05&FromYear=2000&ToDate=13&ToMonth=11&ToYear=2020&Variable=Issuer
0,2011-06-30,SEC.TO,2011-06-30,2011-06-30,Q2,-25003000,0.0,-25003000,1.0,0.0,3617000.0,0.0,0.0,1646000.0,5263000.0,213000.0,0.0,-30266000,1.2104947406311242,-30266000,1.2190137183537975,-14015000,-30479000,1.2190137183537975,-689000.0,-27384000,1.0952285725712914,-9.7,-9.7,2823093.0,2823093.0,https://www.sedar.com/ModifyCompanyDocumentSearchForm.do?lang=EN&company_search=Senvest Capital Inc&document_selection=0&industry_group=A&FromDate=13&FromMonth=05&FromYear=2000&ToDate=13&ToMonth=11&ToYear=2020&Variable=Issuer,https://www.sedar.com/ModifyCompanyDocumentSearchForm.do?lang=EN&company_search=Senvest Capital Inc&document_selection=0&industry_group=A&FromDate=13&FromMonth=05&FromYear=2000&ToDate=13&ToMonth=11&ToYear=2020&Variable=Issuer
0,2011-03-31,SEC.TO,2011-03-31,2011-03-31,Q1,14916000,0.0,14916000,1.0,0.0,1179000.0,0.0,0.0,1522000.0,2701000.0,294000.0,0.0,12215000,0.8189192813086619,12215000,0.7992089031912041,7859000.0,11921000,0.7992089031912041,2591000.0,7586000.0,0.5085813891123626,2.69,2.6,2834000.0,2928000.0,https://www.sedar.com/ModifyCompanyDocumentSearchForm.do?lang=EN&company_search=Senvest Capital Inc&document_selection=0&industry_group=A&FromDate=13&FromMonth=05&FromYear=2000&ToDate=13&ToMonth=11&ToYear=2020&Variable=Issuer,https://www.sedar.com/ModifyCompanyDocumentSearchForm.do?lang=EN&company_search=Senvest Capital Inc&document_selection=0&industry_group=A&FromDate=13&FromMonth=05&FromYear=2000&ToDate=13&ToMonth=11&ToYear=2020&Variable=Issuer
0,2010-12-31,SEC.TO,2010-12-31,2010-12-31,Q4,54108382,0.0,54108382,1.0,0.0,8597392.0,0.0,0.0,0.0,9004430.0,427308.0,0.0,45103952,0.8335853029203497,45103952,0.8254531987299121,-12707.0,44663937,0.8254531987299121,5644168.0,32726734,0.6048366776149395,12.268700482624542,12.268700482624542,2667498.0,2667498.0,https://www.sedar.com/ModifyCompanyDocumentSearchForm.do?lang=EN&company_search=Senvest Capital Inc&document_selection=0&industry_group=A&FromDate=13&FromMonth=05&FromYear=2000&ToDate=13&ToMonth=11&ToYear=2020&Variable=Issuer,https://www.sedar.com/ModifyCompanyDocumentSearchForm.do?lang=EN&company_search=Senvest Capital Inc&document_selection=0&industry_group=A&FromDate=13&FromMonth=05&FromYear=2000&ToDate=13&ToMonth=11&ToYear=2020&Variable=Issuer
0,2010-09-30,SEC.TO,2010-09-30,2010-09-30,Q3,34297737,0.0,34297737,1.0,0.0,4735326.0,0.0,0.0,-1353869.0,3381457.0,424027.0,0.0,30916280,0.9014087430899596,30916280,0.8866129564175036,-83435.0,30408818,0.8866129564175036,2113852.0,24676885,0.7194901809410924,8.72,8.26,2837512.0,2930886.0,https://www.sedar.com/ModifyCompanyDocumentSearchForm.do?lang=EN&company_search=Senvest Capital Inc&document_selection=0&industry_group=A&FromDate=13&FromMonth=05&FromYear=2000&ToDate=13&ToMonth=11&ToYear=2020&Variable=Issuer,https://www.sedar.com/ModifyCompanyDocumentSearchForm.do?lang=EN&company_search=Senvest Capital Inc&document_selection=0&industry_group=A&FromDate=13&FromMonth=05&FromYear=2000&ToDate=13&ToMonth=11&ToYear=2020&Variable=Issuer
0,2010-06-30,SEC.TO,2010-06-30,2010-06-30,Q2,-84692151,0.0,-84692151,1.0,0.0,-2629220.0,0.0,0.0,0.0,-2629220.0,505452.0,0.0,-82062931,0.9689555647252365,-82062931,1.008840134429931,-2872458.0,-85440841,1.008840134429931,-5289315.0,-72316067,0.853869764153233,-32.12,-32.12,2824724.0,2824724.0,https://www.sedar.com/ModifyCompanyDocumentSearchForm.do?lang=EN&company_search=Senvest Capital Inc&document_selection=0&industry_group=A&FromDate=13&FromMonth=05&FromYear=2000&ToDate=13&ToMonth=11&ToYear=2020&Variable=Issuer,https://www.sedar.com/ModifyCompanyDocumentSearchForm.do?lang=EN&company_search=Senvest Capital Inc&document_selection=0&industry_group=A&FromDate=13&FromMonth=05&FromYear=2000&ToDate=13&ToMonth=11&ToYear=2020&Variable=Issuer
0,2010-03-31,SEC.TO,2010-03-31,2010-03-31,Q1,126951027,0.0,126951027,1.0,0.0,14287978,0.0,0.0,-1823958.0,12464020,348830.0,0.0,114487007,0.9018202507333792,114487007,0.8990724982476904,-237631.0,114138177,0.8990724982476904,6207508.0,96655168,0.7613579053598362,40.68,39.62,2375902.0,2439555.0,https://www.sedar.com/ModifyCompanyDocumentSearchForm.do?lang=EN&company_search=Senvest Capital Inc&document_selection=0&industry_group=A&FromDate=13&FromMonth=05&FromYear=2000&ToDate=13&ToMonth=11&ToYear=2020&Variable=Issuer,https://www.sedar.com/ModifyCompanyDocumentSearchForm.do?lang=EN&company_search=Senvest Capital Inc&document_selection=0&industry_group=A&FromDate=13&FromMonth=05&FromYear=2000&ToDate=13&ToMonth=11&ToYear=2020&Variable=Issuer
0,2009-12-31,SEC.TO,2009-12-31,2009-12-31,Q4,17688189,0.0,17688189,1.0,0.0,10920022,0.0,0.0,3760491.0,14680513,383393.0,0.0,3007676.0,0.1700386625222062,3007676.0,0.14836357752622387,-2621883.0,2624283.0,0.14836357752622387,-2926178.0,5556665.0,0.31414550127206353,2.0830999685847935,2.0830999685847935,2667498.0,2667498.0,https://www.sedar.com/ModifyCompanyDocumentSearchForm.do?lang=EN&company_search=Senvest Capital Inc&document_selection=0&industry_group=A&FromDate=13&FromMonth=05&FromYear=2000&ToDate=13&ToMonth=11&ToYear=2020&Variable=Issuer,https://www.sedar.com/ModifyCompanyDocumentSearchForm.do?lang=EN&company_search=Senvest Capital Inc&document_selection=0&industry_group=A&FromDate=13&FromMonth=05&FromYear=2000&ToDate=13&ToMonth=11&ToYear=2020&Variable=Issuer
0,2009-09-30,SEC.TO,2009-09-30,2009-09-30,Q3,143584240,0.0,143584240,1.0,0.0,12830127,0.0,0.0,-2594979.0,10235148,236270.0,0.0,133349092,0.9287167728157352,133349092,0.9270712579597872,-2080223.0,133112822,0.9270712579597872,6823183.0,112947091,0.7866259625708225,40.76,40.38,2744861.0,2761608.0,https://www.sedar.com/ModifyCompanyDocumentSearchForm.do?lang=EN&company_search=Senvest Capital Inc&document_selection=0&industry_group=A&FromDate=13&FromMonth=05&FromYear=2000&ToDate=13&ToMonth=11&ToYear=2020&Variable=Issuer,https://www.sedar.com/ModifyCompanyDocumentSearchForm.do?lang=EN&company_search=Senvest Capital Inc&document_selection=0&industry_group=A&FromDate=13&FromMonth=05&FromYear=2000&ToDate=13&ToMonth=11&ToYear=2020&Variable=Issuer
0,2009-06-30,SEC.TO,2009-06-30,2009-06-30,Q2,69192991,0.0,69192991,1.0,0.0,9144346.0,0.0,1210477.0,0.0,9144346.0,28192.0,0.0,61242488,0.8850967000400373,60048645,0.8846892599280757,1193843.0,61214296,0.8846892599280757,5189575.0,51733271,0.7476663496162494,19.26,19.26,2686047.0,2686047.0,https://www.sedar.com/ModifyCompanyDocumentSearchForm.do?lang=EN&company_search=Senvest Capital Inc&document_selection=0&industry_group=A&FromDate=13&FromMonth=05&FromYear=2000&ToDate=13&ToMonth=11&ToYear=2020&Variable=Issuer,https://www.sedar.com/ModifyCompanyDocumentSearchForm.do?lang=EN&company_search=Senvest Capital Inc&document_selection=0&industry_group=A&FromDate=13&FromMonth=05&FromYear=2000&ToDate=13&ToMonth=11&ToYear=2020&Variable=Issuer
0,2009-03-31,SEC.TO,2009-03-31,2009-03-31,Q1,-926185.0,0.0,-926185.0,1.0,0.0,1280471.0,0.0,1359500.0,0.0,1280471.0,84128.0,0.0,-873546.0,0.9431657822141365,-2206656.0,1.0339986071897083,1359500.0,-957674.0,1.0339986071897083,566057.0,-1210704.0,1.3071945669601646,-0.46,-0.46,2630965.0,2630965.0,https://www.sedar.com/ModifyCompanyDocumentSearchForm.do?lang=EN&company_search=Senvest Capital Inc&document_selection=0&industry_group=A&FromDate=13&FromMonth=05&FromYear=2000&ToDate=13&ToMonth=11&ToYear=2020&Variable=Issuer,https://www.sedar.com/ModifyCompanyDocumentSearchForm.do?lang=EN&company_search=Senvest Capital Inc&document_selection=0&industry_group=A&FromDate=13&FromMonth=05&FromYear=2000&ToDate=13&ToMonth=11&ToYear=2020&Variable=Issuer
0,2008-12-31,SEC.TO,2008-12-31,2008-12-31,Q4,-85288011,0.0,-85288011,1.0,0.0,1642226.0,0.0,-30575341,0.0,1642226.0,266081.0,0.0,-74808392,0.8771267042445157,-86930237,0.4182343049364816,15569755,-35670372,0.4182343049364816,-906055.0,-33122333,0.38835860529095934,-12.417003874042267,-12.417003874042267,2667498.0,2667498.0,https://www.sedar.com/ModifyCompanyDocumentSearchForm.do?lang=EN&company_search=Senvest Capital Inc&document_selection=0&industry_group=A&FromDate=13&FromMonth=05&FromYear=2000&ToDate=13&ToMonth=11&ToYear=2020&Variable=Issuer,https://www.sedar.com/ModifyCompanyDocumentSearchForm.do?lang=EN&company_search=Senvest Capital Inc&document_selection=0&industry_group=A&FromDate=13&FromMonth=05&FromYear=2000&ToDate=13&ToMonth=11&ToYear=2020&Variable=Issuer
0,2008-09-30,SEC.TO,2008-09-30,2008-09-30,Q3,4914833.0,0.0,4914833.0,1.0,0.0,1316401.0,0.0,7091569.0,0.0,1316401.0,537816.0,0.0,3598432.0,0.7321575321073982,3598432.0,-3.7160532209334476,-16409564,-18263781,-3.7160532209334476,-60987.0,-18362961,-3.7362329503362575,-7.0,-7.0,2622770.0,2622770.0,https://www.sedar.com/ModifyCompanyDocumentSearchForm.do?lang=EN&company_search=Senvest Capital Inc&document_selection=0&industry_group=A&FromDate=13&FromMonth=05&FromYear=2000&ToDate=13&ToMonth=11&ToYear=2020&Variable=Issuer,https://www.sedar.com/ModifyCompanyDocumentSearchForm.do?lang=EN&company_search=Senvest Capital Inc&document_selection=0&industry_group=A&FromDate=13&FromMonth=05&FromYear=2000&ToDate=13&ToMonth=11&ToYear=2020&Variable=Issuer
0,2008-06-30,SEC.TO,2008-06-30,2008-06-30,Q2,6059865.0,0.0,6059865.0,1.0,0.0,1778406.0,0.0,821676.0,0.0,1778406.0,558494.0,0.0,4281459.0,0.7065271256042832,4281459.0,0.6933958099726644,5563948.0,4201885.0,0.6933958099726644,837406.0,3133022.0,0.5170118476236681,1.19,1.19,2625172.0,2625172.0,https://www.sedar.com/ModifyCompanyDocumentSearchForm.do?lang=EN&company_search=Senvest Capital Inc&document_selection=0&industry_group=A&FromDate=13&FromMonth=05&FromYear=2000&ToDate=13&ToMonth=11&ToYear=2020&Variable=Issuer,https://www.sedar.com/ModifyCompanyDocumentSearchForm.do?lang=EN&company_search=Senvest Capital Inc&document_selection=0&industry_group=A&FromDate=13&FromMonth=05&FromYear=2000&ToDate=13&ToMonth=11&ToYear=2020&Variable=Issuer
0,2008-03-31,SEC.TO,2008-03-31,2008-03-31,Q1,22890113,0.0,22890113,1.0,0.0,-1526895.0,0.0,-21205499,0.0,-1526895.0,701690.0,0.0,24417008,1.0667054374087188,24417008,0.03133794053353953,-946340.0,717329.0,0.03133794053353953,678651.0,-108898.0,-0.004757425181780448,-0.04,-0.04,2631231.0,2631231.0,https://www.sedar.com/ModifyCompanyDocumentSearchForm.do?lang=EN&company_search=Senvest Capital Inc&document_selection=0&industry_group=A&FromDate=13&FromMonth=05&FromYear=2000&ToDate=13&ToMonth=11&ToYear=2020&Variable=Issuer,https://www.sedar.com/ModifyCompanyDocumentSearchForm.do?lang=EN&company_search=Senvest Capital Inc&document_selection=0&industry_group=A&FromDate=13&FromMonth=05&FromYear=2000&ToDate=13&ToMonth=11&ToYear=2020&Variable=Issuer
0,2007-12-31,SEC.TO,2007-12-31,2007-12-31,Q4,3811458.0,0.0,3811458.0,1.0,0.0,1500136.0,0.0,3641537.0,0.0,1500136.0,922127.0,0.0,2311322.0,0.6064141333841275,2311322.0,0.9057484038916341,-12379080,3452222.0,0.9057484038916341,4585387.0,-2883278.0,-0.7564763930233522,-1.080892281831139,-1.080892281831139,2667498.0,2667498.0,https://www.sedar.com/ModifyCompanyDocumentSearchForm.do?lang=EN&company_search=Senvest Capital Inc&document_selection=0&industry_group=A&FromDate=13&FromMonth=05&FromYear=2000&ToDate=13&ToMonth=11&ToYear=2020&Variable=Issuer,https://www.sedar.com/ModifyCompanyDocumentSearchForm.do?lang=EN&company_search=Senvest Capital Inc&document_selection=0&industry_group=A&FromDate=13&FromMonth=05&FromYear=2000&ToDate=13&ToMonth=11&ToYear=2020&Variable=Issuer
0,2007-09-30,SEC.TO,2007-09-30,2007-09-30,Q3,5216254.0,0.0,5216254.0,1.0,0.0,1330516.0,0.0,-9982153.0,0.0,1330516.0,377847.0,0.0,3885738.0,0.7449288320699107,3885738.0,0.13580147745872803,3027735.0,708375.0,0.13580147745872803,592415.0,115997.0,0.022237605760762415,0.05,0.05,2648456.0,2648456.0,https://www.sedar.com/ModifyCompanyDocumentSearchForm.do?lang=EN&company_search=Senvest Capital Inc&document_selection=0&industry_group=A&FromDate=13&FromMonth=05&FromYear=2000&ToDate=13&ToMonth=11&ToYear=2020&Variable=Issuer,https://www.sedar.com/ModifyCompanyDocumentSearchForm.do?lang=EN&company_search=Senvest Capital Inc&document_selection=0&industry_group=A&FromDate=13&FromMonth=05&FromYear=2000&ToDate=13&ToMonth=11&ToYear=2020&Variable=Issuer
0,2007-06-30,SEC.TO,2007-06-30,2007-06-30,Q2,10263732,0.0,10263732,1.0,0.0,1792184.0,0.0,1278079.0,0.0,1792184.0,499501.0,0.0,8471548.0,0.8253867111884838,8471548.0,0.6053651829568426,8504991.0,6213306.0,0.6053651829568426,685476.0,4419696.0,0.4306129583274388,1.61,1.61,2649571.0,2649571.0,https://www.sedar.com/ModifyCompanyDocumentSearchForm.do?lang=EN&company_search=Senvest Capital Inc&document_selection=0&industry_group=A&FromDate=13&FromMonth=05&FromYear=2000&ToDate=13&ToMonth=11&ToYear=2020&Variable=Issuer,https://www.sedar.com/ModifyCompanyDocumentSearchForm.do?lang=EN&company_search=Senvest Capital Inc&document_selection=0&industry_group=A&FromDate=13&FromMonth=05&FromYear=2000&ToDate=13&ToMonth=11&ToYear=2020&Variable=Issuer
0,2007-03-31,SEC.TO,2007-03-31,2007-03-31,Q1,9903431.0,0.0,0.0,0.0,0.0,4083714.0,0.0,4800312.0,0.0,4083714.0,0.0,0.0,0.0,0.0,5819717.0,0.5641148002141884,8100863.0,5586672.0,0.5641148002141884,860133.0,4238777.0,0.4280109590302593,1.6,1.6,2647524.0,2647524.0,https://www.sedar.com/ModifyCompanyDocumentSearchForm.do?lang=EN&company_search=Senvest Capital Inc&document_selection=0&industry_group=A&FromDate=13&FromMonth=05&FromYear=2000&ToDate=13&ToMonth=11&ToYear=2020&Variable=Issuer,https://www.sedar.com/ModifyCompanyDocumentSearchForm.do?lang=EN&company_search=Senvest Capital Inc&document_selection=0&industry_group=A&FromDate=13&FromMonth=05&FromYear=2000&ToDate=13&ToMonth=11&ToYear=2020&Variable=Issuer
0,2006-12-31,SEC.TO,,,Q4,0.0,0.0,0.0,0.0,0.0,6085051.0,0.0,-7494047.0,0.0,6085051.0,252386.0,0.0,27593635,0.0,27593635,0.0,-3121802.0,125179.0,0.0,675565.0,-2152820.0,0.0,-0.8070559003230743,-0.8070559003230743,2667498.0,2667498.0,https://www.sedar.com/ModifyCompanyDocumentSearchForm.do?lang=EN&company_search=Senvest Capital Inc&document_selection=0&industry_group=A&FromDate=13&FromMonth=05&FromYear=2000&ToDate=13&ToMonth=11&ToYear=2020&Variable=Issuer,https://www.sedar.com/ModifyCompanyDocumentSearchForm.do?lang=EN&company_search=Senvest Capital Inc&document_selection=0&industry_group=A&FromDate=13&FromMonth=05&FromYear=2000&ToDate=13&ToMonth=11&ToYear=2020&Variable=Issuer
0,2006-09-30,SEC.TO,,,Q3,0.0,0.0,0.0,0.0,0.0,2074000.0,0.0,2432000.0,0.0,2074000.0,0.0,0.0,-2074000.0,0.0,-2074000.0,0.0,8683000.0,6626000.0,0.0,531000.0,6095000.0,0.0,2.3,2.3,2634586.0,2657224.0,https://www.sedar.com/ModifyCompanyDocumentSearchForm.do?lang=EN&company_search=Senvest Capital Inc&document_selection=0&industry_group=A&FromDate=13&FromMonth=05&FromYear=2000&ToDate=13&ToMonth=11&ToYear=2020&Variable=Issuer,https://www.sedar.com/ModifyCompanyDocumentSearchForm.do?lang=EN&company_search=Senvest Capital Inc&document_selection=0&industry_group=A&FromDate=13&FromMonth=05&FromYear=2000&ToDate=13&ToMonth=11&ToYear=2020&Variable=Issuer
0,2006-06-30,SEC.TO,,,Q2,0.0,0.0,0.0,0.0,0.0,3624000.0,0.0,-7684000.0,0.0,3624000.0,0.0,0.0,-3624000.0,0.0,-3624000.0,0.0,-543000.0,-4161000.0,0.0,138000.0,-4299000.0,0.0,-1.74,-1.74,2667624.0,2667624.0,https://www.sedar.com/ModifyCompanyDocumentSearchForm.do?lang=EN&company_search=Senvest Capital Inc&document_selection=0&industry_group=A&FromDate=13&FromMonth=05&FromYear=2000&ToDate=13&ToMonth=11&ToYear=2020&Variable=Issuer,https://www.sedar.com/ModifyCompanyDocumentSearchForm.do?lang=EN&company_search=Senvest Capital Inc&document_selection=0&industry_group=A&FromDate=13&FromMonth=05&FromYear=2000&ToDate=13&ToMonth=11&ToYear=2020&Variable=Issuer
0,2006-03-31,SEC.TO,2006-03-31,2006-03-31,Q1,17153000,0.0,17153000,1.0,0.0,4143000.0,0.0,0.0,0.0,4143000.0,32000.0,0.0,13010000,0.7584679064886609,13010000,0.7630735148370548,3921000.0,13089000,0.7630735148370548,1754000.0,11335000,0.6608173497347403,4.42,4.42,2561957.0,2561957.0,https://www.sedar.com/ModifyCompanyDocumentSearchForm.do?lang=EN&company_search=Senvest Capital Inc&document_selection=0&industry_group=A&FromDate=13&FromMonth=05&FromYear=2000&ToDate=13&ToMonth=11&ToYear=2020&Variable=Issuer,https://www.sedar.com/ModifyCompanyDocumentSearchForm.do?lang=EN&company_search=Senvest Capital Inc&document_selection=0&industry_group=A&FromDate=13&FromMonth=05&FromYear=2000&ToDate=13&ToMonth=11&ToYear=2020&Variable=Issuer
0,2005-12-31,SEC.TO,2005-12-31,2005-12-31,Q4,24531861,0.0,24531861,1.0,0.0,7022760.0,0.0,0.0,0.0,7022760.0,42938.0,0.0,17509101,0.7137290155035527,17509101,0.7794822007184861,14417889,19122149,0.7794822007184861,344290.0,18777859,0.7654477986810703,7.039502560076896,7.039502560076896,2667498.0,2667498.0,https://www.sedar.com/ModifyCompanyDocumentSearchForm.do?lang=EN&company_search=Senvest Capital Inc&document_selection=0&industry_group=A&FromDate=13&FromMonth=05&FromYear=2000&ToDate=13&ToMonth=11&ToYear=2020&Variable=Issuer,https://www.sedar.com/ModifyCompanyDocumentSearchForm.do?lang=EN&company_search=Senvest Capital Inc&document_selection=0&industry_group=A&FromDate=13&FromMonth=05&FromYear=2000&ToDate=13&ToMonth=11&ToYear=2020&Variable=Issuer
0,2005-09-30,SEC.TO,2005-09-30,2005-09-30,Q3,13495000,0.0,0.0,0.0,0.0,1839000.0,0.0,0.0,0.0,1839000.0,0.0,0.0,0.0,0.0,11656000,0.7085587254538718,11497000,9562000.0,0.7085587254538718,922000.0,8640000.0,0.6402371248610597,3.25,3.25,2577952.0,2735069.0,https://www.sedar.com/ModifyCompanyDocumentSearchForm.do?lang=EN&company_search=Senvest Capital Inc&document_selection=0&industry_group=A&FromDate=13&FromMonth=05&FromYear=2000&ToDate=13&ToMonth=11&ToYear=2020&Variable=Issuer,https://www.sedar.com/ModifyCompanyDocumentSearchForm.do?lang=EN&company_search=Senvest Capital Inc&document_selection=0&industry_group=A&FromDate=13&FromMonth=05&FromYear=2000&ToDate=13&ToMonth=11&ToYear=2020&Variable=Issuer
0,2005-06-30,SEC.TO,,,Q2,0.0,0.0,0.0,0.0,0.0,2569000.0,0.0,0.0,0.0,2569000.0,85000.0,0.0,-2569000.0,0.0,-2569000.0,0.0,-912000.0,-3566000.0,0.0,-129000.0,-3437000.0,0.0,-1.34,-1.34,2579058.0,2579058.0,https://www.sedar.com/ModifyCompanyDocumentSearchForm.do?lang=EN&company_search=Senvest Capital Inc&document_selection=0&industry_group=A&FromDate=13&FromMonth=05&FromYear=2000&ToDate=13&ToMonth=11&ToYear=2020&Variable=Issuer,https://www.sedar.com/ModifyCompanyDocumentSearchForm.do?lang=EN&company_search=Senvest Capital Inc&document_selection=0&industry_group=A&FromDate=13&FromMonth=05&FromYear=2000&ToDate=13&ToMonth=11&ToYear=2020&Variable=Issuer
0,2005-03-31,SEC.TO,2005-03-31,2005-03-31,Q1,130000.0,0.0,130000.0,1.0,0.0,778000.0,0.0,0.0,0.0,778000.0,106000.0,0.0,-648000.0,-4.984615384615385,-648000.0,-1.976923076923077,627000.0,-257000.0,-1.976923076923077,500000.0,-757000.0,-5.823076923076923,-0.29,-0.29,2580003.0,2689306.0,https://www.sedar.com/ModifyCompanyDocumentSearchForm.do?lang=EN&company_search=Senvest Capital Inc&document_selection=0&industry_group=A&FromDate=13&FromMonth=05&FromYear=2000&ToDate=13&ToMonth=11&ToYear=2020&Variable=Issuer,https://www.sedar.com/ModifyCompanyDocumentSearchForm.do?lang=EN&company_search=Senvest Capital Inc&document_selection=0&industry_group=A&FromDate=13&FromMonth=05&FromYear=2000&ToDate=13&ToMonth=11&ToYear=2020&Variable=Issuer
0,2004-12-31,SEC.TO,2004-12-31,2004-12-31,Q4,8845326.0,0.0,8845326.0,1.0,0.0,2664480.0,0.0,0.0,0.0,2664480.0,113030.0,0.0,6180846.0,0.6987697231283505,6180846.0,0.6503129449383777,8883879.0,5752230.0,0.6503129449383777,1025155.0,4727075.0,0.5344150119509445,1.7721006726153121,1.7721006726153121,2667498.0,2667498.0,https://www.sedar.com/ModifyCompanyDocumentSearchForm.do?lang=EN&company_search=Senvest Capital Inc&document_selection=0&industry_group=A&FromDate=13&FromMonth=05&FromYear=2000&ToDate=13&ToMonth=11&ToYear=2020&Variable=Issuer,https://www.sedar.com/ModifyCompanyDocumentSearchForm.do?lang=EN&company_search=Senvest Capital Inc&document_selection=0&industry_group=A&FromDate=13&FromMonth=05&FromYear=2000&ToDate=13&ToMonth=11&ToYear=2020&Variable=Issuer
0,2004-09-30,SEC.TO,2004-09-30,2004-09-30,Q3,2644000.0,0.0,0.0,0.0,0.0,812000.0,0.0,0.0,0.0,812000.0,0.0,0.0,0.0,0.0,1832000.0,0.6331316187594553,947000.0,1674000.0,0.6331316187594553,251000.0,1423000.0,0.5381996974281392,0.55,0.55,2551885.0,2609578.0,https://www.sedar.com/ModifyCompanyDocumentSearchForm.do?lang=EN&company_search=Senvest Capital Inc&document_selection=0&industry_group=A&FromDate=13&FromMonth=05&FromYear=2000&ToDate=13&ToMonth=11&ToYear=2020&Variable=Issuer,https://www.sedar.com/ModifyCompanyDocumentSearchForm.do?lang=EN&company_search=Senvest Capital Inc&document_selection=0&industry_group=A&FromDate=13&FromMonth=05&FromYear=2000&ToDate=13&ToMonth=11&ToYear=2020&Variable=Issuer
0,2004-06-30,SEC.TO,2004-06-30,2004-06-30,Q2,2001000.0,0.0,2001000.0,1.0,0.0,-60000.0,0.0,0.0,0.0,-60000.0,125000.0,0.0,2061000.0,1.0299850074962518,2061000.0,0.9640179910044977,366000.0,1929000.0,0.9640179910044977,361000.0,1568000.0,0.783608195902049,0.6,0.6,2536541.0,2622197.0,https://www.sedar.com/ModifyCompanyDocumentSearchForm.do?lang=EN&company_search=Senvest Capital Inc&document_selection=0&industry_group=A&FromDate=13&FromMonth=05&FromYear=2000&ToDate=13&ToMonth=11&ToYear=2020&Variable=Issuer,https://www.sedar.com/ModifyCompanyDocumentSearchForm.do?lang=EN&company_search=Senvest Capital Inc&document_selection=0&industry_group=A&FromDate=13&FromMonth=05&FromYear=2000&ToDate=13&ToMonth=11&ToYear=2020&Variable=Issuer
0,2004-03-31,SEC.TO,2004-03-31,2004-03-31,Q1,6719000.0,0.0,6719000.0,1.0,0.0,1506000.0,0.0,0.0,0.0,1506000.0,160000.0,0.0,5213000.0,0.7758595029022176,5213000.0,0.692364935258223,312000.0,4652000.0,0.692364935258223,751000.0,3901000.0,0.5805923500520911,1.56,1.49,2499724.0,2616754.0,https://www.sedar.com/ModifyCompanyDocumentSearchForm.do?lang=EN&company_search=Senvest Capital Inc&document_selection=0&industry_group=A&FromDate=13&FromMonth=05&FromYear=2000&ToDate=13&ToMonth=11&ToYear=2020&Variable=Issuer,https://www.sedar.com/ModifyCompanyDocumentSearchForm.do?lang=EN&company_search=Senvest Capital Inc&document_selection=0&industry_group=A&FromDate=13&FromMonth=05&FromYear=2000&ToDate=13&ToMonth=11&ToYear=2020&Variable=Issuer
0,2003-12-31,SEC.TO,2003-12-31,2003-12-31,Q4,7031459.0,0.0,7031459.0,1.0,0.0,1371072.0,0.0,0.0,0.0,1371072.0,166476.0,0.0,5660387.0,0.8050088893357694,5660387.0,0.7651412032694779,302841.0,5380059.0,0.7651412032694779,1636103.0,3743956.0,0.5324579152065027,1.403545944551786,1.403545944551786,2667498.0,2667498.0,https://www.sedar.com/ModifyCompanyDocumentSearchForm.do?lang=EN&company_search=Senvest Capital Inc&document_selection=0&industry_group=A&FromDate=13&FromMonth=05&FromYear=2000&ToDate=13&ToMonth=11&ToYear=2020&Variable=Issuer,https://www.sedar.com/ModifyCompanyDocumentSearchForm.do?lang=EN&company_search=Senvest Capital Inc&document_selection=0&industry_group=A&FromDate=13&FromMonth=05&FromYear=2000&ToDate=13&ToMonth=11&ToYear=2020&Variable=Issuer
0,2003-09-30,SEC.TO,2003-09-30,2003-09-30,Q3,2085000.0,0.0,2085000.0,1.0,0.0,1252000.0,0.0,0.0,0.0,1252000.0,102000.0,0.0,833000.0,0.39952038369304554,833000.0,0.19616306954436452,171000.0,409000.0,0.19616306954436452,114000.0,295000.0,0.14148681055155876,0.12,0.12,2514301.0,2573277.0,https://www.sedar.com/ModifyCompanyDocumentSearchForm.do?lang=EN&company_search=Senvest Capital Inc&document_selection=0&industry_group=A&FromDate=13&FromMonth=05&FromYear=2000&ToDate=13&ToMonth=11&ToYear=2020&Variable=Issuer,https://www.sedar.com/ModifyCompanyDocumentSearchForm.do?lang=EN&company_search=Senvest Capital Inc&document_selection=0&industry_group=A&FromDate=13&FromMonth=05&FromYear=2000&ToDate=13&ToMonth=11&ToYear=2020&Variable=Issuer
0,2003-06-30,SEC.TO,2003-06-30,2003-06-30,Q2,1065000.0,0.0,0.0,0.0,0.0,905000.0,0.0,0.0,0.0,905000.0,0.0,0.0,0.0,0.0,160000.0,0.19718309859154928,502000.0,210000.0,0.19718309859154928,93000.0,117000.0,0.10985915492957747,0.05,0.04,2519879.0,2578071.0,https://www.sedar.com/ModifyCompanyDocumentSearchForm.do?lang=EN&company_search=Senvest Capital Inc&document_selection=0&industry_group=A&FromDate=13&FromMonth=05&FromYear=2000&ToDate=13&ToMonth=11&ToYear=2020&Variable=Issuer,https://www.sedar.com/ModifyCompanyDocumentSearchForm.do?lang=EN&company_search=Senvest Capital Inc&document_selection=0&industry_group=A&FromDate=13&FromMonth=05&FromYear=2000&ToDate=13&ToMonth=11&ToYear=2020&Variable=Issuer
0,2003-03-31,SEC.TO,2003-03-31,2003-03-31,Q1,1395000.0,0.0,0.0,0.0,0.0,804000.0,0.0,0.0,0.0,804000.0,0.0,0.0,0.0,0.0,591000.0,0.1003584229390681,-242000.0,140000.0,0.1003584229390681,43000.0,97000.0,0.06953405017921147,0.04,0.04,2523418.0,2592552.0,https://www.sedar.com/ModifyCompanyDocumentSearchForm.do?lang=EN&company_search=Senvest Capital Inc&document_selection=0&industry_group=A&FromDate=13&FromMonth=05&FromYear=2000&ToDate=13&ToMonth=11&ToYear=2020&Variable=Issuer,https://www.sedar.com/ModifyCompanyDocumentSearchForm.do?lang=EN&company_search=Senvest Capital Inc&document_selection=0&industry_group=A&FromDate=13&FromMonth=05&FromYear=2000&ToDate=13&ToMonth=11&ToYear=2020&Variable=Issuer
0,2002-12-31,SEC.TO,2002-12-31,2002-12-31,Q4,7182016.0,0.0,7182016.0,1.0,0.0,455947.0,0.0,0.0,0.0,455947.0,40904.0,0.0,6726069.0,0.9365154574982846,6726069.0,-0.35942178352150705,-8703336.0,-2581373.0,-0.35942178352150705,462996.0,-3044369.0,-0.4238878053181725,-1.1412825801556366,-1.1412825801556366,2667498.0,2667498.0,https://www.sedar.com/ModifyCompanyDocumentSearchForm.do?lang=EN&company_search=Senvest Capital Inc&document_selection=0&industry_group=A&FromDate=13&FromMonth=05&FromYear=2000&ToDate=13&ToMonth=11&ToYear=2020&Variable=Issuer,https://www.sedar.com/ModifyCompanyDocumentSearchForm.do?lang=EN&company_search=Senvest Capital Inc&document_selection=0&industry_group=A&FromDate=13&FromMonth=05&FromYear=2000&ToDate=13&ToMonth=11&ToYear=2020&Variable=Issuer
0,2002-09-30,SEC.TO,2002-09-30,2002-09-30,Q3,2654000.0,0.0,2654000.0,1.0,0.0,1033000.0,0.0,0.0,0.0,1033000.0,62000.0,0.0,1621000.0,0.6107761868877166,1621000.0,-1.9091936699321779,-6626000.0,-5067000.0,-1.9091936699321779,903000.0,-5970000.0,-2.249434815373022,-2.34,-2.34,2552161.0,2659595.0,https://www.sedar.com/ModifyCompanyDocumentSearchForm.do?lang=EN&company_search=Senvest Capital Inc&document_selection=0&industry_group=A&FromDate=13&FromMonth=05&FromYear=2000&ToDate=13&ToMonth=11&ToYear=2020&Variable=Issuer,https://www.sedar.com/ModifyCompanyDocumentSearchForm.do?lang=EN&company_search=Senvest Capital Inc&document_selection=0&industry_group=A&FromDate=13&FromMonth=05&FromYear=2000&ToDate=13&ToMonth=11&ToYear=2020&Variable=Issuer
0,2002-06-30,SEC.TO,2002-06-30,2002-06-30,Q2,1037000.0,0.0,1037000.0,1.0,0.0,1038000.0,0.0,0.0,0.0,1038000.0,145000.0,0.0,-1000.0,-0.0009643201542912247,-1000.0,0.07135969141755062,514000.0,74000.0,0.07135969141755062,17000.0,57000.0,0.054966248794599805,0.02,0.02,2558324.0,2558324.0,https://www.sedar.com/ModifyCompanyDocumentSearchForm.do?lang=EN&company_search=Senvest Capital Inc&document_selection=0&industry_group=A&FromDate=13&FromMonth=05&FromYear=2000&ToDate=13&ToMonth=11&ToYear=2020&Variable=Issuer,https://www.sedar.com/ModifyCompanyDocumentSearchForm.do?lang=EN&company_search=Senvest Capital Inc&document_selection=0&industry_group=A&FromDate=13&FromMonth=05&FromYear=2000&ToDate=13&ToMonth=11&ToYear=2020&Variable=Issuer
0,2002-03-31,SEC.TO,2002-03-31,2002-03-31,Q1,1187000.0,0.0,1187000.0,1.0,0.0,964000.0,0.0,0.0,0.0,964000.0,123000.0,0.0,223000.0,0.18786857624262848,223000.0,0.13142375737152484,349000.0,156000.0,0.13142375737152484,56000.0,100000.0,0.08424599831508003,0.04,0.04,2561518.0,2675951.0,https://www.sedar.com/ModifyCompanyDocumentSearchForm.do?lang=EN&company_search=Senvest Capital Inc&document_selection=0&industry_group=A&FromDate=13&FromMonth=05&FromYear=2000&ToDate=13&ToMonth=11&ToYear=2020&Variable=Issuer,https://www.sedar.com/ModifyCompanyDocumentSearchForm.do?lang=EN&company_search=Senvest Capital Inc&document_selection=0&industry_group=A&FromDate=13&FromMonth=05&FromYear=2000&ToDate=13&ToMonth=11&ToYear=2020&Variable=Issuer
0,2001-12-31,SEC.TO,2001-12-31,2001-12-31,Q4,1006000.0,0.0,1006000.0,1.0,0.0,1217000.0,0.0,0.0,0.0,1217000.0,128000.0,0.0,-211000.0,-0.20974155069582506,-211000.0,0.42047713717693835,1697000.0,423000.0,0.42047713717693835,361000.0,62000.0,0.061630218687872766,0.023242754071418237,0.023242754071418237,2667498.0,2667498.0,https://www.sedar.com/ModifyCompanyDocumentSearchForm.do?lang=EN&company_search=Senvest Capital Inc&document_selection=0&industry_group=A&FromDate=13&FromMonth=05&FromYear=2000&ToDate=13&ToMonth=11&ToYear=2020&Variable=Issuer,https://www.sedar.com/ModifyCompanyDocumentSearchForm.do?lang=EN&company_search=Senvest Capital Inc&document_selection=0&industry_group=A&FromDate=13&FromMonth=05&FromYear=2000&ToDate=13&ToMonth=11&ToYear=2020&Variable=Issuer
0,2001-09-30,SEC.TO,2001-09-30,2001-09-30,Q3,2629000.0,0.0,2629000.0,1.0,0.0,889000.0,0.0,0.0,0.0,889000.0,224000.0,0.0,1740000.0,0.6618486116394067,1740000.0,0.300874857360213,-725000.0,791000.0,0.300874857360213,705000.0,86000.0,0.032712057816660325,0.03,0.03,2563324.0,2563324.0,https://www.sedar.com/ModifyCompanyDocumentSearchForm.do?lang=EN&company_search=Senvest Capital Inc&document_selection=0&industry_group=A&FromDate=13&FromMonth=05&FromYear=2000&ToDate=13&ToMonth=11&ToYear=2020&Variable=Issuer,https://www.sedar.com/ModifyCompanyDocumentSearchForm.do?lang=EN&company_search=Senvest Capital Inc&document_selection=0&industry_group=A&FromDate=13&FromMonth=05&FromYear=2000&ToDate=13&ToMonth=11&ToYear=2020&Variable=Issuer
0,2001-06-30,SEC.TO,2001-06-30,2001-06-30,Q2,1555000.0,0.0,1555000.0,1.0,0.0,1008000.0,0.0,0.0,0.0,1008000.0,222000.0,0.0,547000.0,0.3517684887459807,547000.0,0.19292604501607716,-25000.0,300000.0,0.19292604501607716,98000.0,202000.0,0.12990353697749196,0.08,0.08,2642857.0,2642857.0,https://www.sedar.com/ModifyCompanyDocumentSearchForm.do?lang=EN&company_search=Senvest Capital Inc&document_selection=0&industry_group=A&FromDate=13&FromMonth=05&FromYear=2000&ToDate=13&ToMonth=11&ToYear=2020&Variable=Issuer,https://www.sedar.com/ModifyCompanyDocumentSearchForm.do?lang=EN&company_search=Senvest Capital Inc&document_selection=0&industry_group=A&FromDate=13&FromMonth=05&FromYear=2000&ToDate=13&ToMonth=11&ToYear=2020&Variable=Issuer
0,2001-03-31,SEC.TO,2001-03-31,2001-03-31,Q1,1060000.0,0.0,1060000.0,1.0,0.0,1103000.0,0.0,0.0,0.0,1103000.0,193000.0,0.0,-43000.0,-0.040566037735849055,-43000.0,0.23018867924528302,480000.0,244000.0,0.23018867924528302,68000.0,176000.0,0.1660377358490566,0.07,0.07,2642857.0,2642857.0,https://www.sedar.com/ModifyCompanyDocumentSearchForm.do?lang=EN&company_search=Senvest Capital Inc&document_selection=0&industry_group=A&FromDate=13&FromMonth=05&FromYear=2000&ToDate=13&ToMonth=11&ToYear=2020&Variable=Issuer,https://www.sedar.com/ModifyCompanyDocumentSearchForm.do?lang=EN&company_search=Senvest Capital Inc&document_selection=0&industry_group=A&FromDate=13&FromMonth=05&FromYear=2000&ToDate=13&ToMonth=11&ToYear=2020&Variable=Issuer
0,2000-12-31,SEC.TO,2000-12-31,2000-12-31,Q4,2124036.0,0.0,2124036.0,1.0,0.0,0.0,0.0,0.0,0.0,961775.0,321068.0,0.0,1162261.0,0.5471945861557902,1162261.0,0.5093454159910661,240675.0,1081868.0,0.5093454159910661,985703.0,96165.0,0.04527465636175658,0.036050636214160235,0.036050636214160235,2667498.0,2667498.0,https://www.sedar.com/ModifyCompanyDocumentSearchForm.do?lang=EN&company_search=Senvest Capital Inc&document_selection=0&industry_group=A&FromDate=13&FromMonth=05&FromYear=2000&ToDate=13&ToMonth=11&ToYear=2020&Variable=Issuer,https://www.sedar.com/ModifyCompanyDocumentSearchForm.do?lang=EN&company_search=Senvest Capital Inc&document_selection=0&industry_group=A&FromDate=13&FromMonth=05&FromYear=2000&ToDate=13&ToMonth=11&ToYear=2020&Variable=Issuer
0,2000-09-30,SEC.TO,2000-09-30,2000-09-30,Q3,2682165.0,0.0,2682165.0,1.0,0.0,0.0,0.0,0.0,0.0,1253740.0,288402.0,0.0,1428425.0,0.5325641785647043,1428425.0,0.4250383552093178,0.0,1140023.0,0.4250383552093178,100613.0,1039410.0,0.3875264944550391,0.37,0.37,2645689.0,2645689.0,https://www.sedar.com/ModifyCompanyDocumentSearchForm.do?lang=EN&company_search=Senvest Capital Inc&document_selection=0&industry_group=A&FromDate=13&FromMonth=05&FromYear=2000&ToDate=13&ToMonth=11&ToYear=2020&Variable=Issuer,https://www.sedar.com/ModifyCompanyDocumentSearchForm.do?lang=EN&company_search=Senvest Capital Inc&document_selection=0&industry_group=A&FromDate=13&FromMonth=05&FromYear=2000&ToDate=13&ToMonth=11&ToYear=2020&Variable=Issuer
0,2000-06-30,SEC.TO,2000-06-30,2000-06-30,Q2,4200000.0,0.0,0.0,0.0,0.0,0.0,0.0,0.0,0.0,-300000.0,0.0,0.0,0.0,0.0,4500000.0,1.0238095238095237,0.0,4300000.0,1.0238095238095237,600000.0,3700000.0,0.8809523809523809,1.41,1.41,2624113.0,2624113.0,https://www.sedar.com/ModifyCompanyDocumentSearchForm.do?lang=EN&company_search=Senvest Capital Inc&document_selection=0&industry_group=A&FromDate=13&FromMonth=05&FromYear=2000&ToDate=13&ToMonth=11&ToYear=2020&Variable=Issuer,https://www.sedar.com/ModifyCompanyDocumentSearchForm.do?lang=EN&company_search=Senvest Capital Inc&document_selection=0&industry_group=A&FromDate=13&FromMonth=05&FromYear=2000&ToDate=13&ToMonth=11&ToYear=2020&Variable=Issuer
0,2000-03-31,SEC.TO,2000-03-31,2000-03-31,Q1,6900000.0,0.0,6900000.0,1.0,0.0,0.0,0.0,0.0,0.0,2400000.0,300000.0,0.0,4500000.0,0.6521739130434783,4500000.0,0.5942028985507246,-100000.0,4100000.0,0.5942028985507246,800000.0,3300000.0,0.4782608695652174,1.26,1.26,2619048.0,2619048.0,https://www.sedar.com/ModifyCompanyDocumentSearchForm.do?lang=EN&company_search=Senvest Capital Inc&document_selection=0&industry_group=A&FromDate=13&FromMonth=05&FromYear=2000&ToDate=13&ToMonth=11&ToYear=2020&Variable=Issuer,https://www.sedar.com/ModifyCompanyDocumentSearchForm.do?lang=EN&company_search=Senvest Capital Inc&document_selection=0&industry_group=A&FromDate=13&FromMonth=05&FromYear=2000&ToDate=13&ToMonth=11&ToYear=2020&Variable=Issuer
0,1999-12-31,SEC.TO,1999-12-31,1999-12-31,Q4,4600000.0,0.0,0.0,0.0,0.0,0.0,0.0,0.0,0.0,1900000.0,0.0,0.0,0.0,0.0,2700000.0,0.5,0.0,2300000.0,0.5,200000.0,2100000.0,0.45652173913043476,0.7872545733867466,0.7872545733867466,2667498.0,2667498.0,https://www.sedar.com/ModifyCompanyDocumentSearchForm.do?lang=EN&company_search=Senvest Capital Inc&document_selection=0&industry_group=A&FromDate=13&FromMonth=05&FromYear=2000&ToDate=13&ToMonth=11&ToYear=2020&Variable=Issuer,https://www.sedar.com/ModifyCompanyDocumentSearchForm.do?lang=EN&company_search=Senvest Capital Inc&document_selection=0&industry_group=A&FromDate=13&FromMonth=05&FromYear=2000&ToDate=13&ToMonth=11&ToYear=2020&Variable=Issuer
0,1999-09-30,SEC.TO,1999-09-30,1999-09-30,Q3,4300000.0,0.0,4300000.0,1.0,0.0,0.0,0.0,0.0,0.0,1200000.0,300000.0,0.0,3100000.0,0.7209302325581395,3100000.0,0.6744186046511628,100000.0,2900000.0,0.6744186046511628,800000.0,2100000.0,0.4883720930232558,0.77,0.77,2727273.0,2727273.0,https://www.sedar.com/ModifyCompanyDocumentSearchForm.do?lang=EN&company_search=Senvest Capital Inc&document_selection=0&industry_group=A&FromDate=13&FromMonth=05&FromYear=2000&ToDate=13&ToMonth=11&ToYear=2020&Variable=Issuer,https://www.sedar.com/ModifyCompanyDocumentSearchForm.do?lang=EN&company_search=Senvest Capital Inc&document_selection=0&industry_group=A&FromDate=13&FromMonth=05&FromYear=2000&ToDate=13&ToMonth=11&ToYear=2020&Variable=Issuer
0,1999-06-30,SEC.TO,1999-06-30,1999-06-30,Q2,3000000.0,0.0,0.0,0.0,0.0,0.0,0.0,0.0,0.0,2000000.0,0.0,0.0,0.0,0.0,1000000.0,0.26666666666666666,0.0,800000.0,0.26666666666666666,100000.0,700000.0,0.23333333333333334,0.25,0.25,2800000.0,2800000.0,https://www.sedar.com/ModifyCompanyDocumentSearchForm.do?lang=EN&company_search=Senvest Capital Inc&document_selection=0&industry_group=A&FromDate=13&FromMonth=05&FromYear=2000&ToDate=13&ToMonth=11&ToYear=2020&Variable=Issuer,https://www.sedar.com/ModifyCompanyDocumentSearchForm.do?lang=EN&company_search=Senvest Capital Inc&document_selection=0&industry_group=A&FromDate=13&FromMonth=05&FromYear=2000&ToDate=13&ToMonth=11&ToYear=2020&Variable=Issuer
0,1999-03-31,SEC.TO,1999-03-31,1999-03-31,Q1,2100000.0,0.0,2100000.0,1.0,0.0,0.0,0.0,0.0,0.0,1500000.0,200000.0,0.0,600000.0,0.2857142857142857,600000.0,0.19047619047619047,0.0,400000.0,0.19047619047619047,100000.0,300000.0,0.14285714285714285,0.1,0.1,3000000.0,3000000.0,https://www.sedar.com/ModifyCompanyDocumentSearchForm.do?lang=EN&company_search=Senvest Capital Inc&document_selection=0&industry_group=A&FromDate=13&FromMonth=05&FromYear=2000&ToDate=13&ToMonth=11&ToYear=2020&Variable=Issuer,https://www.sedar.com/ModifyCompanyDocumentSearchForm.do?lang=EN&company_search=Senvest Capital Inc&document_selection=0&industry_group=A&FromDate=13&FromMonth=05&FromYear=2000&ToDate=13&ToMonth=11&ToYear=2020&Variable=Issuer
0,1998-12-31,SEC.TO,1998-12-31,1998-12-31,Q4,1800000.0,0.0,1800000.0,1.0,0.0,0.0,0.0,0.0,0.0,1600000.0,0.0,0.0,200000.0,0.1111111111111111,200000.0,0.0,-200000.0,0.0,0.0,-100000.0,100000.0,0.05555555555555555,0.03748831301841651,0.03748831301841651,2667498.0,2667498.0,https://www.sedar.com/ModifyCompanyDocumentSearchForm.do?lang=EN&company_search=Senvest Capital Inc&document_selection=0&industry_group=A&FromDate=13&FromMonth=05&FromYear=2000&ToDate=13&ToMonth=11&ToYear=2020&Variable=Issuer,https://www.sedar.com/ModifyCompanyDocumentSearchForm.do?lang=EN&company_search=Senvest Capital Inc&document_selection=0&industry_group=A&FromDate=13&FromMonth=05&FromYear=2000&ToDate=13&ToMonth=11&ToYear=2020&Variable=Issuer
0,1998-09-30,SEC.TO,1998-09-30,1998-09-30,Q3,1500000.0,0.0,1500000.0,1.0,0.0,0.0,0.0,0.0,0.0,1000000.0,300000.0,0.0,500000.0,0.3333333333333333,500000.0,0.26666666666666666,200000.0,400000.0,0.26666666666666666,100000.0,300000.0,0.2,0.1,0.1,3000000.0,3000000.0,https://www.sedar.com/ModifyCompanyDocumentSearchForm.do?lang=EN&company_search=Senvest Capital Inc&document_selection=0&industry_group=A&FromDate=13&FromMonth=05&FromYear=2000&ToDate=13&ToMonth=11&ToYear=2020&Variable=Issuer,https://www.sedar.com/ModifyCompanyDocumentSearchForm.do?lang=EN&company_search=Senvest Capital Inc&document_selection=0&industry_group=A&FromDate=13&FromMonth=05&FromYear=2000&ToDate=13&ToMonth=11&ToYear=2020&Variable=Issuer
0,1998-06-30,SEC.TO,1998-06-30,1998-06-30,Q2,3300000.0,0.0,0.0,0.0,0.0,0.0,0.0,0.0,0.0,1600000.0,0.0,0.0,0.0,0.0,1700000.0,0.45454545454545453,0.0,1500000.0,0.45454545454545453,400000.0,1100000.0,0.3333333333333333,0.4,0.4,2750000.0,2750000.0,https://www.sedar.com/ModifyCompanyDocumentSearchForm.do?lang=EN&company_search=Senvest Capital Inc&document_selection=0&industry_group=A&FromDate=13&FromMonth=05&FromYear=2000&ToDate=13&ToMonth=11&ToYear=2020&Variable=Issuer,https://www.sedar.com/ModifyCompanyDocumentSearchForm.do?lang=EN&company_search=Senvest Capital Inc&document_selection=0&industry_group=A&FromDate=13&FromMonth=05&FromYear=2000&ToDate=13&ToMonth=11&ToYear=2020&Variable=Issuer
0,1998-03-31,SEC.TO,1998-03-31,1998-03-31,Q1,3700000.0,0.0,0.0,0.0,0.0,0.0,0.0,0.0,0.0,1700000.0,0.0,0.0,0.0,0.0,2000000.0,0.4864864864864865,0.0,1800000.0,0.4864864864864865,300000.0,1500000.0,0.40540540540540543,0.52,0.52,2884615.0,2884615.0,https://www.sedar.com/ModifyCompanyDocumentSearchForm.do?lang=EN&company_search=Senvest Capital Inc&document_selection=0&industry_group=A&FromDate=13&FromMonth=05&FromYear=2000&ToDate=13&ToMonth=11&ToYear=2020&Variable=Issuer,https://www.sedar.com/ModifyCompanyDocumentSearchForm.do?lang=EN&company_search=Senvest Capital Inc&document_selection=0&industry_group=A&FromDate=13&FromMonth=05&FromYear=2000&ToDate=13&ToMonth=11&ToYear=2020&Variable=Issuer
0,1997-12-31,SEC.TO,1997-12-31,1997-12-31,Q4,3600000.0,0.0,0.0,0.0,0.0,0.0,0.0,0.0,0.0,1600000.0,0.0,0.0,0.0,0.0,2000000.0,0.5277777777777778,0.0,1900000.0,0.5277777777777778,0.0,1900000.0,0.5277777777777778,0.7122779473499137,0.7122779473499137,2667498.0,2667498.0,https://www.sedar.com/ModifyCompanyDocumentSearchForm.do?lang=EN&company_search=Senvest Capital Inc&document_selection=0&industry_group=A&FromDate=13&FromMonth=05&FromYear=2000&ToDate=13&ToMonth=11&ToYear=2020&Variable=Issuer,https://www.sedar.com/ModifyCompanyDocumentSearchForm.do?lang=EN&company_search=Senvest Capital Inc&document_selection=0&industry_group=A&FromDate=13&FromMonth=05&FromYear=2000&ToDate=13&ToMonth=11&ToYear=2020&Variable=Issuer
0,1997-09-30,SEC.TO,1997-09-30,1997-09-30,Q3,4600000.0,0.0,0.0,0.0,0.0,0.0,0.0,0.0,0.0,1600000.0,0.0,0.0,0.0,0.0,3000000.0,0.6304347826086957,0.0,2900000.0,0.6304347826086957,300000.0,2600000.0,0.5652173913043478,0.9,0.9,2888889.0,2888889.0,https://www.sedar.com/ModifyCompanyDocumentSearchForm.do?lang=EN&company_search=Senvest Capital Inc&document_selection=0&industry_group=A&FromDate=13&FromMonth=05&FromYear=2000&ToDate=13&ToMonth=11&ToYear=2020&Variable=Issuer,https://www.sedar.com/ModifyCompanyDocumentSearchForm.do?lang=EN&company_search=Senvest Capital Inc&document_selection=0&industry_group=A&FromDate=13&FromMonth=05&FromYear=2000&ToDate=13&ToMonth=11&ToYear=2020&Variable=Issuer
0,1997-06-30,SEC.TO,1997-06-30,1997-06-30,Q2,5200000.0,0.0,5200000.0,1.0,0.0,0.0,0.0,0.0,0.0,1300000.0,200000.0,0.0,3900000.0,0.75,3900000.0,0.6923076923076923,-100000.0,3600000.0,0.6923076923076923,800000.0,2800000.0,0.5384615384615384,0.99,0.99,2828283.0,2828283.0,https://www.sedar.com/ModifyCompanyDocumentSearchForm.do?lang=EN&company_search=Senvest Capital Inc&document_selection=0&industry_group=A&FromDate=13&FromMonth=05&FromYear=2000&ToDate=13&ToMonth=11&ToYear=2020&Variable=Issuer,https://www.sedar.com/ModifyCompanyDocumentSearchForm.do?lang=EN&company_search=Senvest Capital Inc&document_selection=0&industry_group=A&FromDate=13&FromMonth=05&FromYear=2000&ToDate=13&ToMonth=11&ToYear=2020&Variable=Issuer
0,1997-03-31,SEC.TO,1997-03-31,1997-03-31,Q1,3100000.0,0.0,3100000.0,1.0,0.0,0.0,0.0,0.0,0.0,1600000.0,300000.0,0.0,1500000.0,0.4838709677419355,1500000.0,0.3870967741935484,0.0,1200000.0,0.3870967741935484,200000.0,1000000.0,0.3225806451612903,0.33,0.33,3030303.0,3030303.0,https://www.sedar.com/ModifyCompanyDocumentSearchForm.do?lang=EN&company_search=Senvest Capital Inc&document_selection=0&industry_group=A&FromDate=13&FromMonth=05&FromYear=2000&ToDate=13&ToMonth=11&ToYear=2020&Variable=Issuer,https://www.sedar.com/ModifyCompanyDocumentSearchForm.do?lang=EN&company_search=Senvest Capital Inc&document_selection=0&industry_group=A&FromDate=13&FromMonth=05&FromYear=2000&ToDate=13&ToMonth=11&ToYear=2020&Variable=Issuer
