,date,symbol,fillingDate,acceptedDate,period,revenue,costOfRevenue,grossProfit,grossProfitRatio,researchAndDevelopmentExpenses,generalAndAdministrativeExpenses,sellingAndMarketingExpenses,otherExpenses,operatingExpenses,costAndExpenses,interestExpense,depreciationAndAmortization,ebitda,ebitdaratio,operatingIncome,operatingIncomeRatio,totalOtherIncomeExpensesNet,incomeBeforeTax,incomeBeforeTaxRatio,incomeTaxExpense,netIncome,netIncomeRatio,eps,epsdiluted,weightedAverageShsOut,weightedAverageShsOutDil,link,finalLink
0,2020-09-30,PCB,2020-11-06,2020-11-06 16:13:29,Q3,19125000,0.0,0.0,0.0,0.0,7396000.0,193000.0,0.0,0.0,0.0,2767000.0,0.0,0.0,0.0,0.0,0.2568888888888889,0.0,4913000.0,0.2568888888888889,1464000.0,3449000.0,0.18033986928104576,0.22,0.22,15343888,15377531,https://www.sec.gov/Archives/edgar/data/1423869/000142386920000044/0001423869-20-000044-index.htm,https://www.sec.gov/Archives/edgar/data/1423869/000142386920000044/pcb-20200930.htm
0,2020-06-30,PCB,2020-08-10,2020-08-10 16:06:15,Q2,18281000,0.0,0.0,0.0,0.0,7024000.0,548000.0,0.0,0.0,0.0,3610000.0,0.0,0.0,0.0,0.0,0.25873858104042446,0.0,4730000.0,0.25873858104042446,1363000.0,3367000.0,0.18418029648268694,0.22,0.22,15337405,15373655,https://www.sec.gov/Archives/edgar/data/1423869/000142386920000029/0001423869-20-000029-index.htm,https://www.sec.gov/Archives/edgar/data/1423869/000142386920000029/pcb-20200630.htm
0,2020-03-31,PCB,2020-05-11,2020-05-11 16:07:31,Q1,18592000,0.0,0.0,0.0,0.0,7528000.0,179000.0,0.0,0.0,0.0,5094000.0,0.0,0.0,0.0,0.0,0.2758713425129088,0.0,5129000.0,0.2758713425129088,1557000.0,3572000.0,0.19212564543889846,0.23,0.23,15505699,15700144,https://www.sec.gov/Archives/edgar/data/1423869/000142386920000019/0001423869-20-000019-index.htm,https://www.sec.gov/Archives/edgar/data/1423869/000142386920000010/pcb10k20191231.htm
0,2019-12-31,PCB,2020-03-09,2020-03-09 16:12:22,Q4,20264000,0.0,0.0,0.0,0.0,7193000.0,501000.0,0.0,0.0,0.0,5616000.0,0.0,0.0,0.0,0.0,0.2945617844453218,0.0,5969000.0,0.2945617844453218,1811000.0,4158000.0,0.20519147256217923,0.26,0.26,15665010,15948793,https://www.sec.gov/Archives/edgar/data/1423869/000142386920000010/0001423869-20-000010-index.htm,https://www.sec.gov/Archives/edgar/data/1423869/000142386920000010/pcb10k20191231.htm
0,2019-09-30,PCB,2019-11-06,2019-11-06 16:07:27,Q3,20331000,0.0,0.0,0.0,0.0,7729000.0,292000.0,0.0,0.0,0.0,6158000.0,0.0,0.0,0.0,0.0,0.4749397471841031,0.0,9656000.0,0.4749397471841031,2871000.0,6785000.0,0.33372682111061924,0.43,0.42,15816269,16099598,https://www.sec.gov/Archives/edgar/data/1423869/000142386919000050/0001423869-19-000050-index.htm,https://www.sec.gov/Archives/edgar/data/1423869/000142386919000050/pcb10q20190930.htm
0,2019-06-30,PCB,2019-08-08,2019-08-08 16:08:21,Q2,20746000,0.0,0.0,0.0,0.0,7961000.0,529000.0,0.0,0.0,0.0,6338000.0,0.0,0.0,0.0,0.0,0.45155692663646,0.0,9368000.0,0.45155692663646,2767000.0,6601000.0,0.3181818181818182,0.41,0.4,16017089,16330039,https://www.sec.gov/Archives/edgar/data/1423869/000142386919000041/0001423869-19-000041-index.htm,https://www.sec.gov/Archives/edgar/data/1423869/000142386919000041/pcb10q20190630.htm
0,2019-03-31,PCB,2019-05-09,2019-05-09 16:07:46,Q1,19562000,0.0,0.0,0.0,0.0,7473000.0,228000.0,0.0,0.0,0.0,5799000.0,0.0,0.0,0.0,0.0,0.47837644412636743,0.0,9358000.0,0.47837644412636743,2794000.0,6564000.0,0.33554851242204276,0.41,0.4,15999464,16271269,https://www.sec.gov/Archives/edgar/data/1423869/000142386919000023/0001423869-19-000023-index.htm,https://www.sec.gov/Archives/edgar/data/1423869/000142386919000012/pcb10k20181231.htm
0,2018-12-31,PCB,2019-03-18,2019-03-18 16:08:53,Q4,19947000,0.0,0.0,0.0,0.0,7425000.0,526000.0,0.0,0.0,0.0,5375000.0,0.0,0.0,0.0,0.0,0.48458414799217925,0.0,9666000.0,0.48458414799217925,2934000.0,6732000.0,0.33749436005414346,0.42,0.41,15975387,16244837,https://www.sec.gov/Archives/edgar/data/1423869/000142386919000012/0001423869-19-000012-index.htm,https://www.sec.gov/Archives/edgar/data/1423869/000142386919000012/pcb10k20181231.htm
0,2018-09-30,PCB,2018-11-08,2018-11-08 16:14:51,Q3,19213000,0.0,0.0,0.0,0.0,7121000.0,555000.0,0.0,0.0,0.0,4780000.0,0.0,0.0,0.0,0.0,0.4871180971217405,0.0,9359000.0,0.4871180971217405,2816000.0,6543000.0,0.34055066881798784,0.44,0.44,14730120,14924546,https://www.sec.gov/Archives/edgar/data/1423869/000162828018013988/0001628280-18-013988-index.htm,https://www.sec.gov/Archives/edgar/data/1423869/000162828018013988/pcb10q20180930.htm
