,date,symbol,fillingDate,acceptedDate,period,revenue,costOfRevenue,grossProfit,grossProfitRatio,researchAndDevelopmentExpenses,generalAndAdministrativeExpenses,sellingAndMarketingExpenses,otherExpenses,operatingExpenses,costAndExpenses,interestExpense,depreciationAndAmortization,ebitda,ebitdaratio,operatingIncome,operatingIncomeRatio,totalOtherIncomeExpensesNet,incomeBeforeTax,incomeBeforeTaxRatio,incomeTaxExpense,netIncome,netIncomeRatio,eps,epsdiluted,weightedAverageShsOut,weightedAverageShsOutDil,link,finalLink
0,2020-09-30,UFCS,2020-11-04,2020-11-04 09:02:07,Q3,0.0,0.0,0.0,0.0,0.0,0.0,0.0,0.0,0.0,0.0,0.0,1691000.0,1691000.0,0.0,0.0,0.0,0.0,0.0,0.0,0.0,0.0,0.0,0.0,0.0,25255600,25255600,https://www.sec.gov/Archives/edgar/data/101199/000010119920000176/0000101199-20-000176-index.htm,https://www.sec.gov/Archives/edgar/data/101199/000010119920000176/ufcs-20200930.htm
0,2020-06-30,UFCS,2020-08-05,2020-08-05 11:48:08,Q2,269328000,0.0,269328000,1.0,0.0,0.0,0.0,36701000,293567000,293567000,0.0,1682000.0000000002,5918000.0,0.021973,4236000.0,0.015728,15779000,4236000.0,0.015728,-1724000.0,5960000.0,0.022129,0.23599,0.23599,25255600,25255600,https://www.sec.gov/Archives/edgar/data/101199/000010119920000155/0000101199-20-000155-index.htm,https://www.sec.gov/Archives/edgar/data/101199/000010119920000155/ufcs-20200630.htm
0,2020-03-31,UFCS,2020-05-06 00:00:00,2020-05-06 10:44:47,Q1,268849000,0.0,0.0,-0.048918759314979895,0.0,0.0,0.0,41849000,282804000,282804000,0.0,1636000.0,-103363000,-0.384465,-104999000,-0.39055,0.0,-104999000,-0.39055,-32465000,-72534000,-0.269795,-2.89973,-2.89973,25014030,25014030,https://www.sec.gov/Archives/edgar/data/101199/000010119920000082/0000101199-20-000082-index.html,https://www.sec.gov/Archives/edgar/data/101199/000010119920000082/ufcs-20200331x10q.htm
0,2019-12-31,UFCS,2020-02-28 00:00:00,2020-02-28 11:57:50,Q4,273230000,0.0,0.0,0.20180043221280686,0.0,0.0,0.0,137415000,322073000,322073000,0.0,6956000.0,-21743000,-0.079578,-28699000,-0.105036,0.0,-28699000,-0.105036,-5536000.0,-23163000,-0.084775,-0.98061,-0.98061,23620920,23620920,https://www.sec.gov/Archives/edgar/data/101199/000010119920000032/0000101199-20-000032-index.html,https://www.sec.gov/Archives/edgar/data/101199/000010119920000032/ufcs-20191231x10k.htm
0,2019-09-30,UFCS,2019-11-06 00:00:00,2019-11-06 10:40:39,Q3,274942000,0.0,0.0,0.2895539413866568,0.0,0.0,0.0,36003000,302583000,302583000,0.0,1617000.0000000005,-2910999.9999999995,-0.010588,-4528000.0,-0.016469,0.0,-4528000.0,-0.016469,-2186000.0,-2342000.0,-0.008518,-0.09302,-0.09302,25176330,25176330,https://www.sec.gov/Archives/edgar/data/101199/000010119919000116/0000101199-19-000116-index.html,https://www.sec.gov/Archives/edgar/data/101199/000010119919000116/ufcs-20190930x10q.htm
0,2019-06-30,UFCS,2019-08-07 00:00:00,2019-08-07 11:14:01,Q2,276486000,0.0,0.0,0.2767548660900666,0.0,0.0,0.0,33964000,308768000,308768000,0.0,1452000.0,-3119000.0,-0.011281,-4571000.0,-0.016532,0.0,-4571000.0,-0.016532,-375000.0,-4196000.0,-0.015176,-0.16644,-0.16644,25210350,25210350,https://www.sec.gov/Archives/edgar/data/101199/000010119919000102/0000101199-19-000102-index.html,https://www.sec.gov/Archives/edgar/data/101199/000010119919000102/ufcs-20190630x10q.htm
0,2019-03-31,UFCS,2019-05-08 00:00:00,2019-05-08 11:56:03,Q1,262314000,0.0,0.0,0.46245814773236804,0.0,0.0,0.0,34403000,250862000,250862000,0.0,1166000.0,55843000,0.212886,54677000,0.208441,0.0,54677000,0.208441,10156000,44521000,0.169724,1.73881,1.73881,25604270,25604270,https://www.sec.gov/Archives/edgar/data/101199/000010119919000058/0000101199-19-000058-index.html,https://www.sec.gov/Archives/edgar/data/101199/000010119919000058/ufcs-20190331x10q.htm
0,2018-12-31,UFCS,2019-02-28 00:00:00,2019-02-28 15:28:59,Q4,270684000,0.0,0.0,0.19039760059033095,0.0,0.0,0.0,35479000,293574000,293574000,0.0,1159000.0000000007,-40353000,-0.149078,-41512000,-0.15336,0.0,-41512000,-0.15336,-12176000,-29336000,-0.108377,-1.16977,-1.16977,25078380,25078380,https://www.sec.gov/Archives/edgar/data/101199/000010119919000040/0000101199-19-000040-index.html,https://www.sec.gov/Archives/edgar/data/101199/000010119919000040/ufcs-20181231x10k.htm
0,2018-09-30,UFCS,2018-11-07 00:00:00,2018-11-07 11:14:05,Q3,264747000,0.0,0.0,0.3365523620293926,0.0,0.0,0.0,33887000,279312000,279312000,0.0,1715000.0,14313000,0.054063,12598000,0.047585,0.0,12598000,0.047585,1528000.0,11070000,0.041814,0.43197,0.43197,25626950,25626950,https://www.sec.gov/Archives/edgar/data/101199/000010119918000121/0000101199-18-000121-index.html,https://www.sec.gov/Archives/edgar/data/101199/000010119918000121/ufcs-2018930x10q.htm
0,2018-06-30,UFCS,2018-08-08 00:00:00,2018-08-08 11:01:26,Q2,256900000,0.0,0.0,0.31319285836186767,0.0,0.0,0.0,37252000,277200000,277200000,0.0,1100000.0,-700000.0000000001,-0.002725,-1800000.0,-0.007007,0.0,-1800000.0,-0.007007,-2000000.0,200000.0,0.000779,0.00781,0.00781,25600000,25600000,https://www.sec.gov/Archives/edgar/data/101199/000010119918000101/0000101199-18-000101-index.html,https://www.sec.gov/Archives/edgar/data/101199/000010119918000101/ufcs-2018630x10q.htm
0,2018-03-31,UFCS,2018-05-09 00:00:00,2018-05-09 12:59:49,Q1,245200000,0.0,0.0,0.42292310452760223,0.0,0.0,0.0,34855000,229200000,229200000,0.0,1200000.0,48200000,0.196574,21600000,0.088091,0.0,21600000,0.088091,1200000.0,45800000,0.186786,1.79608,1.79608,25500000,25500000,https://www.sec.gov/Archives/edgar/data/101199/000010119918000055/0000101199-18-000055-index.html,https://www.sec.gov/Archives/edgar/data/101199/000010119918000055/ufcs-2018331x10q.htm
0,2017-12-31,UFCS,2018-02-28 00:00:00,2018-02-28 12:05:26,Q4,260100000,0.0,0.0,0.42434928938559746,0.0,0.0,0.0,33728000,244000000,244000000,0.0,1099999.9999999995,53100000,0.204152,29400000,0.113033,0.0,29400000,0.113033,6000000.0,46000000,0.176855,1.7037,1.7037,27000000,27000000,https://www.sec.gov/Archives/edgar/data/101199/000010119918000040/0000101199-18-000040-index.html,https://www.sec.gov/Archives/edgar/data/101199/000010119918000040/ufcs-20171231x10k.htm
0,2017-09-30,UFCS,2017-11-08 00:00:00,2017-11-08 11:50:01,Q3,255800000,0.0,0.0,0.030136999388566187,0.0,0.0,0.0,18809000,302000000,302000000,0.0,1200000.0000000002,-30000000,-0.117279,-32400000,-0.126661,0.0,-32400000,-0.126661,-13300000,-17900000,-0.069977,-0.716,-0.716,25000000,25000000,https://www.sec.gov/Archives/edgar/data/101199/000010119917000139/0000101199-17-000139-index.html,https://www.sec.gov/Archives/edgar/data/101199/000010119917000139/ufcs-2017930x10q.htm
0,2017-06-30,UFCS,2017-08-02 00:00:00,2017-08-02 13:58:06,Q2,245200000,0.0,0.0,0.3111063875753975,0.0,0.0,0.0,26201000,262800000,262800000,0.0,1100000.0,-300000.0000000001,-0.001223,-4300000.0,-0.017537,0.0,-4300000.0,-0.017537,-4400000.0,3000000.0,0.012235,0.11719,0.11719,25600000,25600000,https://www.sec.gov/Archives/edgar/data/101199/000010119917000120/0000101199-17-000120-index.html,https://www.sec.gov/Archives/edgar/data/101199/000010119917000120/ufcs-2017630x10q.htm
0,2017-03-31,UFCS,2017-05-03 00:00:00,2017-05-03 11:42:43,Q1,236400000,0.0,0.0,0.4078160383524283,0.0,0.0,0.0,24890000,228300000,228300000,0.0,1200000.0,25500000,0.107868,23000000,0.097293,0.0,23000000,0.097293,4400000.0,19900000,0.084179,0.76834,0.76834,25900000,25900000,https://www.sec.gov/Archives/edgar/data/101199/000010119917000067/0000101199-17-000067-index.html,https://www.sec.gov/Archives/edgar/data/101199/000010119917000067/ufcs-2017331x10q.htm
0,2016-12-31,UFCS,2017-02-28 00:00:00,2017-02-28 11:16:22,Q4,244200000,0.0,0.0,0.38839053626715675,0.0,0.0,0.0,27322000,250600000,250600000,0.0,1099999.9999999995,15000000,0.061425,13900000,0.056921,0.0,13900000,0.056921,1900000.0,12000000,0.04914,0.45977,0.45977,26100000,26100000,https://www.sec.gov/Archives/edgar/data/101199/000010119917000040/0000101199-17-000040-index.html,https://www.sec.gov/Archives/edgar/data/101199/000010119917000040/ufcs-20161231x10k.htm
0,2016-09-30,UFCS,2016-11-02 00:00:00,2016-11-02 11:25:11,Q3,239500000,0.0,0.0,0.3901255293719386,0.0,0.0,0.0,24574000,241600000,241600000,0.0,1700000.0000000002,16500000,0.068894,14000000,0.058455,0.0,14000000,0.058455,2400000.0,12400000,0.051775,0.48062,0.48062,25800000,25800000,https://www.sec.gov/Archives/edgar/data/101199/000010119916000599/0000101199-16-000599-index.html,https://www.sec.gov/Archives/edgar/data/101199/000010119916000599/ufcs-2016930x10q.htm
0,2016-06-30,UFCS,2016-08-03 00:00:00,2016-08-03 12:13:11,Q2,211100000,0.0,0.0,0.355148638360385,0.0,0.0,0.0,24772000,209800000,209800000,0.0,1600000.0,2400000.0,0.011369,800000.0,0.00379,0.0,800000.0,0.00379,-2300000.0,3100000.0,0.014685,0.11654,0.11654,26600000,26600000,https://www.sec.gov/Archives/edgar/data/101199/000010119916000580/0000101199-16-000580-index.html,https://www.sec.gov/Archives/edgar/data/101199/000010119916000580/ufcs-2016630x10q.htm
0,2016-03-31,UFCS,2016-05-04 00:00:00,2016-05-04 12:25:34,Q1,241400000,0.0,0.0,0.4650507179554736,0.0,0.0,0.0,26753000,236900000,236900000,0.0,1600000.0,30300000,0.125518,28800000,0.119304,0.0,28800000,0.119304,6300000.0,22400000,0.092792,0.88889,0.88889,25200000,25200000,https://www.sec.gov/Archives/edgar/data/101199/000010119916000524/0000101199-16-000524-index.html,https://www.sec.gov/Archives/edgar/data/101199/000010119916000524/ufcs-2016331x10q.htm
0,2015-12-31,UFCS,2016-02-26 00:00:00,2016-02-26 11:34:17,Q4,169500000,0.0,0.0,0.5369153053385323,0.0,0.0,0.0,-50700000,103100000,103100000,0.0,-1200000.0000000002,39800000,0.234808,37200000,0.219469,0.0,37200000,0.219469,10100000,30900000,0.182301,1.21654,1.21654,25400000,25400000,https://www.sec.gov/Archives/edgar/data/101199/000010119916000480/0000101199-16-000480-index.html,https://www.sec.gov/Archives/edgar/data/101199/000010119916000480/ufcs-20151231x10k.htm
0,2015-09-30,UFCS,2015-11-05 00:00:00,2015-11-05 10:59:42,Q3,239500000,0.0,0.0,0.4537118234048987,0.0,0.0,0.0,26161000,237700000,237700000,0.0,4500000.0,31300000,0.130689,26800000,0.1119,0.0,26800000,0.1119,7300000.0,19500000,0.08142,0.76772,0.76772,25400000,25400000,https://www.sec.gov/Archives/edgar/data/101199/000010119915000344/0000101199-15-000344-index.html,https://www.sec.gov/Archives/edgar/data/101199/000010119915000344/ufcs-2015930x10q.htm
0,2015-06-30,UFCS,2015-08-04 00:00:00,2015-08-04 11:16:20,Q2,229400000,0.0,0.0,0.4124602411710001,0.0,0.0,0.0,23546000,236400000,236400000,0.0,1600000.0,21100000,0.091979,19500000,0.085004,0.0,19500000,0.085004,4500000.0,15000000,0.065388,0.59289,0.59289,25300000,25300000,https://www.sec.gov/Archives/edgar/data/101199/000010119915000267/0000101199-15-000267-index.html,https://www.sec.gov/Archives/edgar/data/101199/000010119915000267/ufcs-2015630x10q.htm
0,2015-03-31,UFCS,2015-05-05 00:00:00,2015-05-05 15:18:03,Q1,213200000,0.0,0.0,0.4699476694453297,0.0,0.0,0.0,23534000,206700000,206700000,0.0,1600000.0,33500000,0.157129,31800000,0.149156,0.0,31800000,0.149156,8200000.0,23700000,0.111163,0.948,0.948,25000000,25000000,https://www.sec.gov/Archives/edgar/data/101199/000010119915000187/0000101199-15-000187-index.html,https://www.sec.gov/Archives/edgar/data/101199/000010119915000187/ufcs-2015331x10q.htm
0,2014-12-31,UFCS,2015-03-02,2015-03-02 11:03:35,Q4,221600000,0.0,0.0,0.5450465558270646,0.0,0.0,0.0,26002000,200100000,200100000,0.0,1500000.0,51900000,0.234206,50400000,0.227437,0.0,50400000,0.227437,15600000,34800000,0.15704,1.33333,1.33333,26100000,26100000,https://www.sec.gov/Archives/edgar/data/101199/000010119915000096/ufcs-20141231x10k.htm,https://www.sec.gov/Archives/edgar/data/101199/000010119915000096/ufcs-20141231x10k.htm
0,2014-09-30,UFCS,2014-11-04 00:00:00,2014-11-04 11:10:18,Q3,212100000,0.0,0.0,0.3456171962775316,0.0,0.0,0.0,21665000,238700000,238700000,0.0,1600000.0000000005,-1299999.9999999995,-0.006129,-2800000.0,-0.013201,0.0,-2800000.0,-0.013201,-3200000.0,300000.0,0.001414,0.0119,0.0119,25200000,25200000,https://www.sec.gov/Archives/edgar/data/101199/000010119914000120/0000101199-14-000120-index.html,https://www.sec.gov/Archives/edgar/data/101199/000010119914000120/ufcs-2014930x10q.htm
0,2014-06-30,UFCS,2014-08-05 00:00:00,2014-08-05 10:54:44,Q2,202400000,0.0,0.0,0.38662414633412556,0.0,0.0,0.0,20776000,219600000,219600000,0.0,1500000.0,14600000,0.072134,13100000,0.064723,0.0,13100000,0.064723,2400000.0,10700000,0.052866,0.42292,0.42292,25300000,25300000,https://www.sec.gov/Archives/edgar/data/101199/000010119914000055/0000101199-14-000055-index.html,https://www.sec.gov/Archives/edgar/data/101199/000010119914000055/ufcs-2014630x10q.htm
0,2014-03-31,UFCS,2014-05-06 00:00:00,2014-05-06 11:53:13,Q1,193900000,0.0,0.0,0.4381572336072928,0.0,0.0,0.0,26428000,207000000,207000000,0.0,2300000.0,18200000,0.093863,15900000,0.082001,0.0,15900000,0.082001,2600000.0,13300000,0.068592,0.51953,0.51953,25600000,25600000,https://www.sec.gov/Archives/edgar/data/101199/000010119914000034/0000101199-14-000034-index.html,https://www.sec.gov/Archives/edgar/data/101199/000010119914000034/ufcs-2014331x10q.htm
0,2013-12-31,UFCS,2014-03-05,2014-03-05 15:08:41,Q4,197500000,0.0,0.0,0.5207691031206058,0.0,0.0,0.0,22551000,191700000,191700000,0.0,1500000.0,38800000,0.196456,37300000,0.188861,0.0,37300000,0.188861,10800000,26500000,0.134177,1.03516,1.03516,25600000,25600000,https://www.sec.gov/Archives/edgar/data/101199/000010119914000020/ufcs-20131231x10k.htm,https://www.sec.gov/Archives/edgar/data/101199/000010119914000020/ufcs-20131231x10k.htm
0,2013-09-30,UFCS,2013-11-05 00:00:00,2013-11-05 15:08:19,Q3,194600000,0.0,0.0,0.4118659875170385,0.0,0.0,0.0,21654000,208800000,208800000,0.0,1199999.9999999998,15600000,0.080164,14400000,0.073998,0.0,14400000,0.073998,2700000.0,11700000,0.060123,0.45703,0.45703,25600000,25600000,https://www.sec.gov/Archives/edgar/data/101199/000010119913000088/0000101199-13-000088-index.html,https://www.sec.gov/Archives/edgar/data/101199/000010119913000088/ufcs-2013930x10q.htm
0,2013-06-30,UFCS,2013-08-06 00:00:00,2013-08-06 12:45:27,Q2,186500000,0.0,0.0,0.4518680678502997,0.0,0.0,0.0,23308000,199400000,199400000,-341000.0,1100000.0,21059000,0.112917,20300000,0.108847,0.0,20300000,0.108847,4800000.0,15500000,0.08311,0.61265,0.61265,25300000,25300000,https://www.sec.gov/Archives/edgar/data/101199/000010119913000054/0000101199-13-000054-index.html,https://www.sec.gov/Archives/edgar/data/101199/000010119913000054/ufcs-2013630x10q.htm
0,2013-03-31,UFCS,2013-05-08 00:00:00,2013-05-08 10:39:50,Q1,176900000,0.0,0.0,0.5252429312486301,0.0,0.0,0.0,22348000,175500000,175500000,341000.0,1800000.0,32041000,0.181125,29900000,0.169022,0.0,29900000,0.169022,7500000.0,22400000,0.126625,0.88538,0.88538,25300000,25300000,https://www.sec.gov/Archives/edgar/data/101199/000010119913000027/0000101199-13-000027-index.html,https://www.sec.gov/Archives/edgar/data/101199/000010119913000027/ufcs-2013331x10q1.htm
0,2012-12-31,UFCS,2013-03-04,2013-03-04 13:39:19,Q4,187200000,0.0,0.0,0.33573039185812664,0.0,0.0,0.0,18094000,221300000,221300000,-20000.0,2000000.0,-6020000.0,-0.032158,-8000000.0,-0.042735,0.0,-8000000.0,-0.042735,-5600000.0,-2400000.0,-0.012821,-0.09449,-0.09449,25400000,25400000,https://www.sec.gov/Archives/edgar/data/101199/000010119913000014/ufcs-20121231x10k.htm,https://www.sec.gov/Archives/edgar/data/101199/000010119913000014/ufcs-20121231x10k.htm
0,2012-09-30,UFCS,2012-11-07 00:00:00,2012-11-07 16:17:25,Q3,176600000,0.0,0.0,0.42029518687585016,0.0,0.0,0.0,20496000,196600000,196600000,200000.0,2300000.0,12500000,0.070781,10000000,0.056625,0.0,10000000,0.056625,1300000.0,8700000.0,0.049264,0.34252,0.34252,25400000,25400000,https://www.sec.gov/Archives/edgar/data/101199/000010119912000083/0000101199-12-000083-index.html,https://www.sec.gov/Archives/edgar/data/101199/000010119912000083/ufcs-2012930x10q3.htm
0,2012-06-30,UFCS,2012-08-08 00:00:00,2012-08-09 07:52:00,Q2,170300000,0.0,0.0,0.4652234454985324,0.0,0.0,0.0,20541000,180500000,180500000,600000.0,1400000.0000000005,21200000,0.124486,19200000,0.112742,0.0,19200000,0.112742,4500000.0,14700000,0.086318,0.57647,0.57647,25500000,25500000,https://www.sec.gov/Archives/edgar/data/101199/000010119912000064/0000101199-12-000064-index.html,https://www.sec.gov/Archives/edgar/data/101199/000010119912000064/ufcs-2012630x10q2.htm
0,2012-03-31,UFCS,2012-05-10,2012-05-10 15:41:04,Q1,161800000,0.0,0.0,0.5277001946318773,0.0,0.0,0.0,21994000,168800000,168800000,0.0,2300000.0,27200000,0.168109,24900000,0.153894,0.0,24900000,0.153894,5700000.0,19200000,0.118665,0.75,0.75,25600000,25600000,https://www.sec.gov/Archives/edgar/data/101199/000010119912000028/ufcs-20111231x10k.htm,https://www.sec.gov/Archives/edgar/data/101199/000010119912000028/ufcs-20111231x10k.htm
0,2011-12-31,UFCS,2012-03-15 00:00:00,2012-03-15 07:43:24,Q4,162300000,0.0,0.0,0.49082243127264374,0.0,0.0,0.0,-44878000,170100000,170100000,0.0,2999999.9999999995,24800000,0.152803,21800000,0.134319,0.0,21800000,0.134319,4900000.0,16900000,0.104128,0.66016,0.66016,25600000,25600000,https://www.sec.gov/Archives/edgar/data/101199/000010119912000028/0000101199-12-000028-index.html,https://www.sec.gov/Archives/edgar/data/101199/000010119912000028/ufcs-20111231x10k.htm
0,2011-09-30,UFCS,2011-11-07 00:00:00,2011-11-04 17:32:46,Q3,159400000,0.0,0.0,0.3556622986128141,0.0,0.0,0.0,14101000,198000000,198000000,0.0,900000.0000000001,-9600000.0,-0.060226,-10500000,-0.065872,0.0,-10500000,-0.065872,-5700000.0,-4800000.0,-0.030113,-0.18677,-0.18677,25700000,25700000,https://www.sec.gov/Archives/edgar/data/101199/000010119911000039/0000101199-11-000039-index.html,https://www.sec.gov/Archives/edgar/data/101199/000010119911000039/ufcs-2011930x10q3.htm
0,2011-06-30,UFCS,2011-08-05 00:00:00,2011-08-05 11:53:53,Q2,152900000,0.0,0.0,0.3494752669694366,0.0,0.0,0.0,30777000,212800000,212800000,0.0,1000000.0,-30000000,-0.196207,-31000000,-0.202747,0.0,-31000000,-0.202747,-13100000,-17900000,-0.11707,-0.68582,-0.68582,26100000,26100000,https://www.sec.gov/Archives/edgar/data/101199/000010119911000026/0000101199-11-000026-index.html,https://www.sec.gov/Archives/edgar/data/101199/000010119911000026/ufcs-2011630x10q2.htm
0,2011-03-31,UFCS,2011-05-10 00:00:00,2011-05-10 16:25:00,Q1,114400000,0.0,0.0,1.0,0.0,0.0,0.0,0.0,137100000,137100000,0.0,700000.0,7600000.0,0.066434,6900000.0,0.060315,0.0,6900000.0,0.060315,1100000.0,5800000.0,0.050699,0.22137,0.22137,26200000,26200000,https://www.sec.gov/Archives/edgar/data/101199/000010119911000015/0000101199-11-000015-index.html,https://www.sec.gov/Archives/edgar/data/101199/000010119911000015/ufcs-201133110q1.htm
0,2010-12-31,UFCS,2011-03-01,2011-03-01 07:02:45,Q4,119600000,0.0,0.0,1.0,0.0,0.0,0.0,-25863000,135300000,135300000,0.0,699999.9999999997,15400000,0.128763,14700000,0.12291,0.0,14700000,0.12291,3200000.0,11500000,0.096154,0.43726,0.43726,26300000,26300000,https://www.sec.gov/Archives/edgar/data/101199/000010119911000006/ufcs2010123110k.htm,https://www.sec.gov/Archives/edgar/data/101199/000010119911000006/ufcs2010123110k.htm
0,2010-09-30,UFCS,2010-11-01 00:00:00,2010-11-01 15:38:13,Q3,119500000,0.0,0.0,1.0,0.0,0.0,0.0,8492000.0,146400000,146400000,0.0,700000.0000000002,2200000.0,0.01841,1500000.0,0.012552,0.0,1500000.0,0.012552,-1400000.0,2900000.0,0.024268,0.11027,0.11027,26300000,26300000,https://www.sec.gov/Archives/edgar/data/101199/000144530510001186/0001445305-10-001186-index.html,https://www.sec.gov/Archives/edgar/data/101199/000144530510001186/ufcs201093010q.htm
0,2010-06-30,UFCS,2010-07-30 00:00:00,2010-07-30 16:47:10,Q2,117400000,0.0,0.0,1.0,0.0,0.0,0.0,8587000.0,129800000,129800000,0.0,800000.0,19100000,0.162692,18300000,0.155877,0.0,18300000,0.155877,4400000.0,13900000,0.118399,0.52652,0.52652,26400000,26400000,https://www.sec.gov/Archives/edgar/data/101199/000095012310070548/0000950123-10-070548-index.html,https://www.sec.gov/Archives/edgar/data/101199/000095012310070548/c04071e10vq.htm
0,2010-03-31,UFCS,2010-05-03 00:00:00,2010-05-03 16:02:36,Q1,114400000,0.0,0.0,1.0,0.0,0.0,0.0,8784000.0,121600000,121600000,0.0,700000.0,24500000,0.214161,23800000,0.208042,0.0,23800000,0.208042,4700000.0,19100000,0.166958,0.72075,0.72075,26500000,26500000,https://www.sec.gov/Archives/edgar/data/101199/000095012310042730/0000950123-10-042730-index.html,https://www.sec.gov/Archives/edgar/data/101199/000095012310042730/c00061e10vq.htm
0,2009-12-31,UFCS,2010-03-01 00:00:00,2010-03-01 16:34:31,Q4,120000000,0.0,0.0,1.0,0.0,0.0,0.0,11672000,149400000,149400000,0.0,799999.9999999998,599999.9999999998,0.005,-200000.0,-0.001667,0.0,-200000.0,-0.001667,-2000000.0,1800000.0,0.015,0.07087,0.07087,25400000,25400000,https://www.sec.gov/Archives/edgar/data/101199/000095012310019336/0000950123-10-019336-index.html,https://www.sec.gov/Archives/edgar/data/101199/000095012310019336/c97052e10vk.htm
0,2009-09-30,UFCS,2009-11-09 00:00:00,2009-11-09 10:03:45,Q3,121000000,0.0,0.0,1.0,0.0,0.0,0.0,9170000.0,169300000,169300000,0.0,900000.0000000001,-17700000,-0.146281,-18600000,-0.153719,0.0,-18600000,-0.153719,-8400000.0,-10200000,-0.084298,-0.38346,-0.38346,26600000,26600000,https://www.sec.gov/Archives/edgar/data/101199/000095012309059836/0000950123-09-059836-index.html,https://www.sec.gov/Archives/edgar/data/101199/000095012309059836/c92235e10vq.htm
0,2009-06-30,UFCS,2009-07-31 00:00:00,2009-07-31 16:40:43,Q2,119800000,0.0,0.0,1.0,0.0,0.0,0.0,9970000.0,159000000,159000000,0.0,900000.0,-10400000,-0.086811,-11400000,-0.095159,0.0,-11400000,-0.095159,-6000000.0,-5300000.0,-0.04424,-0.19925,-0.19925,26600000,26600000,https://www.sec.gov/Archives/edgar/data/101199/000095012309028407/0000950123-09-028407-index.html,https://www.sec.gov/Archives/edgar/data/101199/000095012309028407/c88637e10vq.htm
0,2009-03-31,UFCS,2009-05-04 00:00:00,2009-05-04 17:29:40,Q1,118500000,0.0,0.0,1.0,0.0,0.0,0.0,8486000.0,141300000,141300000,0.0,900000.0,2400000.0,0.020253,1500000.0,0.012658,0.0,1500000.0,0.012658,-1800000.0,3300000.0,0.027848,0.12406,0.12406,26600000,26600000,https://www.sec.gov/Archives/edgar/data/101199/000136231009006415/0001362310-09-006415-index.html,https://www.sec.gov/Archives/edgar/data/101199/000136231009006415/c84727e10vq.htm
0,2008-12-31,UFCS,2009-03-02 00:00:00,2009-03-02 17:18:42,Q4,129300000,0.0,0.0,1.0,0.0,0.0,0.0,0.0,176100000,176100000,0.0,1000000.0,-25300000,-0.195669,-26400000,-0.204176,0.0,-26400000,-0.204176,-11500000,-14800000,-0.114462,-0.55431,-0.55431,26700000,26700000,https://www.sec.gov/Archives/edgar/data/101199/000136231009003045/0001362310-09-003045-index.html,https://www.sec.gov/Archives/edgar/data/101199/000136231009003045/c81756e10vk.htm
0,2008-09-30,UFCS,2008-10-30 00:00:00,2008-10-30 12:03:00,Q3,128300000,0.0,0.0,1.0,0.0,0.0,0.0,7810000.0,177600000,177600000,0.0,900000.0000000001,-27300000,-0.212783,-28200000,-0.219797,0.0,-28200000,-0.219797,-11400000,-16800000,-0.130943,-0.62687,-0.62687,26800000,26800000,https://www.sec.gov/Archives/edgar/data/101199/000010119908000048/0000101199-08-000048-index.html,https://www.sec.gov/Archives/edgar/data/101199/000010119908000048/form10q0908.htm
0,2008-06-30,UFCS,2008-08-04 00:00:00,2008-08-01 18:47:39,Q2,123500000,0.0,0.0,1.0,0.0,0.0,0.0,5568000.0,157600000,157600000,0.0,799999.9999999999,-4600000.0,-0.037247,-5400000.0,-0.043725,0.0,-5400000.0,-0.043725,-3900000.0,-1500000.0,-0.012146,-0.05515,-0.05515,27200000,27200000,https://www.sec.gov/Archives/edgar/data/101199/000010119908000036/0000101199-08-000036-index.html,https://www.sec.gov/Archives/edgar/data/101199/000010119908000036/form10q0608.htm
0,2008-03-31,UFCS,2008-04-25 00:00:00,2008-04-25 17:13:18,Q1,123100000,0.0,0.0,1.0,0.0,0.0,0.0,6920000.0,123200000,123200000,0.0,900000.0,27700000,0.22502,26800000,0.217709,0.0,26800000,0.217709,6700000.0,20100000,0.163282,0.73897,0.73897,27200000,27200000,https://www.sec.gov/Archives/edgar/data/101199/000010119908000018/0000101199-08-000018-index.html,https://www.sec.gov/Archives/edgar/data/101199/000010119908000018/form10q0308.htm
0,2007-12-31,UFCS,2008-02-27,2008-02-27 16:19:37,Q4,130400000,0.0,0.0,1.0,0.0,0.0,0.0,5246000.0,127600000,127600000,0.0,899999.9999999999,39100000,0.299847,38200000,0.292945,0.0,38200000,0.292945,11700000,26500000,0.203221,0.9707,0.9707,27300000,27300000,https://www.sec.gov/Archives/edgar/data/101199/000010119908000012/form10k2007.htm,https://www.sec.gov/Archives/edgar/data/101199/000010119908000012/form10k2007.htm
0,2007-09-30,UFCS,2007-10-25 00:00:00,2007-10-25 15:19:32,Q3,127200000,0.0,0.0,1.0,0.0,0.0,0.0,5514000.0,131700000,131700000,0.0,900000.0000000001,27400000,0.215409,26500000,0.208333,0.0,26500000,0.208333,7400000.0,19100000,0.150157,0.69203,0.69203,27600000,27600000,https://www.sec.gov/Archives/edgar/data/101199/000010119907000046/0000101199-07-000046-index.html,https://www.sec.gov/Archives/edgar/data/101199/000010119907000046/form10q0907.htm
0,2007-06-30,UFCS,2007-07-27 00:00:00,2007-07-27 11:30:21,Q2,126100000,0.0,0.0,1.0,0.0,0.0,0.0,5731000.0,113300000,113300000,0.0,900000.0,46100000,0.365583,45200000,0.358446,0.0,45200000,0.358446,13900000,31300000,0.248216,1.12996,1.12996,27700000,27700000,https://www.sec.gov/Archives/edgar/data/101199/000010119907000038/0000101199-07-000038-index.html,https://www.sec.gov/Archives/edgar/data/101199/000010119907000038/form10q0607.htm
0,2007-03-31,UFCS,2007-04-27 00:00:00,2007-04-27 17:06:00,Q1,122700000,0.0,0.0,1.0,0.0,0.0,0.0,6427000.0,106600000,106600000,0.0,900000.0,50400000,0.410758,49500000,0.403423,0.0,49500000,0.403423,14900000,34600000,0.281989,1.2491,1.2491,27700000,27700000,https://www.sec.gov/Archives/edgar/data/101199/000010119907000024/0000101199-07-000024-index.html,https://www.sec.gov/Archives/edgar/data/101199/000010119907000024/form10q0307.htm
0,2006-12-31,UFCS,2007-03-01,2007-03-01 10:05:12,Q4,133100000,0.0,0.0,1.0,0.0,0.0,0.0,2030000.0,123200000,123200000,0.0,799999.9999999998,44100000,0.33133,43200000,0.324568,0.0,43200000,0.324568,14000000,29300000,0.220135,1.05776,1.05776,27700000,27700000,https://www.sec.gov/Archives/edgar/data/101199/000010119907000018/form10k20061.htm,https://www.sec.gov/Archives/edgar/data/101199/000010119907000018/form10k20061.htm
0,2006-09-30,UFCS,2006-10-30,2006-10-30 17:07:28,Q3,127000000,0.0,0.0,1.0,0.0,0.0,0.0,5484000.0,125200000,125200000,0.0,800000.0000000003,33800000,0.266142,33000000,0.259843,0.0,33000000,0.259843,10600000,22400000,0.176378,0.80866,0.80866,27700000,27700000,https://www.sec.gov/Archives/edgar/data/101199/000010119906000024/form10q0906.htm,https://www.sec.gov/Archives/edgar/data/101199/000010119906000024/form10q0906.htm
0,2006-06-30,UFCS,2006-07-31,2006-07-31 17:30:25,Q2,122800000,0.0,0.0,1.0,0.0,0.0,0.0,6583000.0,124300000,124300000,0.0,899999.9999999999,33400000,0.271987,32500000,0.264658,0.0,32500000,0.264658,9600000.0,22900000,0.186482,0.8876,0.8876,25800000,25800000,https://www.sec.gov/Archives/edgar/data/101199/000010119906000016/form10q0606.htm,https://www.sec.gov/Archives/edgar/data/101199/000010119906000016/form10q0606.htm
0,2006-03-31,UFCS,2006-05-02,2006-05-01 17:39:40,Q1,120800000,0.0,0.0,1.0,0.0,0.0,0.0,7428000.0,137400000,137400000,0.0,1000000.0,17800000,0.147351,16700000,0.138245,0.0,16700000,0.138245,3300000.0,13500000,0.111755,0.56962,0.56962,23700000,23700000,https://www.sec.gov/Archives/edgar/data/101199/000095013706002442/c02845e10vk.htm,https://www.sec.gov/Archives/edgar/data/101199/000095013706002442/c02845e10vk.htm
0,2005-12-31,UFCS,2006-03-01,2006-03-01 17:30:44,Q4,129300000,0.0,0.0,1.0,0.0,0.0,0.0,2492000.0,251500000,251500000,0.0,900000.0000000003,-89800000,-0.694509,-90700000,-0.701469,0.0,-90700000,-0.701469,-32300000,-58400000,-0.451663,-2.58407,-2.58407,22600000,22600000,https://www.sec.gov/Archives/edgar/data/101199/000095013706002442/c02845e10vk.htm,https://www.sec.gov/Archives/edgar/data/101199/000095013706002442/c02845e10vk.htm
0,2005-09-30,UFCS,2005-10-28,2005-10-28 17:28:28,Q3,119400000,0.0,0.0,1.0,0.0,0.0,0.0,11287000,139500000,139500000,0.0,999999.9999999998,11400000,0.095477,10300000,0.086265,0.0,10300000,0.086265,2400000.0,8000000.0,0.067002,0.33755,0.33755,23700000,23700000,https://www.sec.gov/Archives/edgar/data/101199/000119312505211253/d10q.htm,https://www.sec.gov/Archives/edgar/data/101199/000119312505211253/d10q.htm
0,2005-06-30,UFCS,2005-07-29,2005-07-29 17:25:30,Q2,124700000,0.0,0.0,1.0,0.0,0.0,0.0,8497000.0,116000000,116000000,0.0,900000.0,40500000,0.324779,39600000,0.317562,0.0,39600000,0.317562,12700000,26900000,0.215718,1.19556,1.19556,22500000,22500000,https://www.sec.gov/Archives/edgar/data/101199/000119312505152865/d10q.htm,https://www.sec.gov/Archives/edgar/data/101199/000119312505152865/d10q.htm
0,2005-03-31,UFCS,2005-05-06,2005-05-06 17:18:35,Q1,122800000,0.0,0.0,1.0,0.0,0.0,0.0,10679000,106000000,106000000,0.0,900000.0,48300000,0.393322,47400000,0.385993,0.0,47400000,0.385993,14800000,32600000,0.265472,1.38136,1.38136,23600000,23600000,https://www.sec.gov/Archives/edgar/data/101199/000119312505039988/d10k.htm,https://www.sec.gov/Archives/edgar/data/101199/000119312505039988/d10k.htm
0,2004-12-31,UFCS,2005-03-01 00:00:00,2005-03-01 17:27:50,Q4,127200000,0.0,0.0,1.0,0.0,0.0,0.0,12683000,129500000,129500000,0.0,1000000.0,28000000,0.220126,27000000,0.212264,0.0,27000000,0.212264,8400000.0,18600000,0.146226,0.78481,0.78481,23700000,23700000,https://www.sec.gov/Archives/edgar/data/101199/000119312505039988/0001193125-05-039988-index.html,https://www.sec.gov/Archives/edgar/data/101199/000119312505039988/d10k.htm
0,2004-09-30,UFCS,2004-11-04 00:00:00,2004-11-04 17:25:37,Q3,126600000,0.0,0.0,1.0,0.0,0.0,0.0,6633000.0,125100000,125100000,0.0,899999.9999999999,32600000,0.257504,31600000,0.249605,0.0,31600000,0.249605,10000000,21700000,0.171406,0.91561,0.91561,23700000,23700000,https://www.sec.gov/Archives/edgar/data/101199/000119312504186499/0001193125-04-186499-index.html,https://www.sec.gov/Archives/edgar/data/101199/000119312504186499/d10q.htm
0,2004-06-30,UFCS,2004-08-04 00:00:00,2004-08-04 17:20:18,Q2,120400000,0.0,0.0,1.0,0.0,0.0,0.0,10726000,120200000,120200000,0.0,1000000.0,30400000,0.252492,29300000,0.243355,0.0,29300000,0.243355,9300000.0,20100000,0.166944,0.85169,0.85169,23600000,23600000,https://www.sec.gov/Archives/edgar/data/101199/000119312504131471/0001193125-04-131471-index.html,https://www.sec.gov/Archives/edgar/data/101199/000119312504131471/d10q.htm
0,2004-03-31,UFCS,2004-05-10 00:00:00,2004-05-10 15:50:54,Q1,118400000,0.0,0.0,1.0,0.0,0.0,0.0,10918000,118500000,118500000,0.0,1000000.0,27800000,0.234797,26800000,0.226351,0.0,26800000,0.226351,8300000.0,18500000,0.15625,0.7839,0.7839,23600000,23600000,https://www.sec.gov/Archives/edgar/data/101199/000119312504083609/0001193125-04-083609-index.html,https://www.sec.gov/Archives/edgar/data/101199/000119312504083609/d10q.htm
0,2003-12-31,UFCS,2004-03-03 00:00:00,2004-03-03 17:23:14,Q4,122200000,0.0,0.0,1.0,0.0,0.0,0.0,11549000,127800000,127800000,0.0,1100000.0,25200000,0.206219,24100000,0.197218,0.0,24100000,0.197218,7400000.0,16700000,0.136661,0.70763,0.70763,23600000,23600000,https://www.sec.gov/Archives/edgar/data/101199/000119312504033911/0001193125-04-033911-index.html,https://www.sec.gov/Archives/edgar/data/101199/000119312504033911/d10k.htm
0,2003-09-30,UFCS,2003-11-07 00:00:00,2003-11-07 17:25:35,Q3,118700000,0.0,0.0,1.0,0.0,0.0,0.0,9798000.0,125500000,125500000,0.0,1200000.0,21800000,0.183656,20600000,0.173547,0.0,20600000,0.173547,6300000.0,14300000,0.120472,0.60851,0.60851,23500000,23500000,https://www.sec.gov/Archives/edgar/data/101199/000119312503075365/0001193125-03-075365-index.html,https://www.sec.gov/Archives/edgar/data/101199/000119312503075365/d10q.htm
0,2003-06-30,UFCS,2003-08-12 00:00:00,2003-08-12 17:09:49,Q2,113900000,0.0,0.0,1.0,0.0,0.0,0.0,23772000,121700000,121700000,0.0,799999.9999999999,19500000,0.171203,18700000,0.164179,0.0,18700000,0.164179,5700000.0,13000000,0.114135,0.55319,0.55319,23500000,23500000,https://www.sec.gov/Archives/edgar/data/101199/000119312503034455/0001193125-03-034455-index.html,https://www.sec.gov/Archives/edgar/data/101199/000119312503034455/d10q.htm
0,2003-03-31,UFCS,2003-05-12 00:00:00,2003-05-12 17:18:00,Q1,111600000,0.0,0.0,0.0,0.0,0.0,0.0,0.0,118400000,118400000,0.0,900000.0,17400000,0.155914,16500000,0.147849,0.0,16500000,0.147849,4900000.0,11600000,0.103943,0.49362,0.49362,23500000,23500000,https://www.sec.gov/Archives/edgar/data/101199/000095013103002770/0000950131-03-002770-index.html,https://www.sec.gov/Archives/edgar/data/101199/000095013103002770/d10q.txt
0,2002-12-31,UFCS,2003-03-18 00:00:00,2003-03-18 12:58:40,Q4,110900000,0.0,0.0,0.0,0.0,0.0,0.0,0.0,132800000,132800000,0.0,1099999.9999999995,4200000.0,0.037872,3100000.0,0.027953,0.0,3100000.0,0.027953,0.0,3100000.0,0.027953,0.15423,0.15423,20100000,20100000,https://www.sec.gov/Archives/edgar/data/101199/000095013103001421/0000950131-03-001421-index.html,https://www.sec.gov/Archives/edgar/data/101199/000095013103001421/d10k.txt
0,2002-09-30,UFCS,2002-11-13 00:00:00,2002-11-13 16:21:00,Q3,107800000,0.0,0.0,1.0,0.0,0.0,0.0,36042000,128900000,128900000,0.0,900000.0000000001,3900000.0,0.036178,3000000.0,0.027829,0.0,3000000.0,0.027829,200000.0,2800000.0,0.025974,0.1393,0.1393,20100000,20100000,https://www.sec.gov/Archives/edgar/data/101199/000095013102004404/0000950131-02-004404-index.html,https://www.sec.gov/Archives/edgar/data/101199/000095013102004404/d10q.htm
0,2002-06-30,UFCS,2002-08-14 00:00:00,2002-08-14 18:06:20,Q2,102600000,0.0,0.0,0.0,0.0,0.0,0.0,0.0,115400000,115400000,0.0,500000.0,4900000.0,0.047758,4500000.0,0.04386,0.0,4500000.0,0.04386,600000.0,3800000.0,0.037037,0.18905,0.18905,20100000,20100000,https://www.sec.gov/Archives/edgar/data/101199/000095013102003268/0000950131-02-003268-index.html,https://www.sec.gov/Archives/edgar/data/101199/000095013102003268/d10q.txt
0,2002-03-31,UFCS,2002-05-15 00:00:00,2002-05-15 16:41:47,Q1,97800000,0.0,0.0,0.0,0.0,0.0,0.0,0.0,107700000,107700000,0.0,1300000.0,16800000,0.171779,15500000,0.158487,0.0,15500000,0.158487,4400000.0,11100000,0.113497,0.55224,0.55224,20100000,20100000,https://www.sec.gov/Archives/edgar/data/101199/000095013102002061/0000950131-02-002061-index.html,https://www.sec.gov/Archives/edgar/data/101199/000095013102002061/d10q.txt
0,2001-12-31,UFCS,,,Q4,97400000,0.0,0.0,0.0,0.0,0.0,0.0,0.0,108100000,108100000,0.0,499999.99999999953,15200000,0.156057,14700000,0.150924,0.0,14700000,0.150924,2500000.0,12200000,0.125257,0.60697,0.60697,20100000,20100000,,
0,2001-09-30,UFCS,2001-11-14 00:00:00,2001-11-14 00:00:00,Q3,97900000,0.0,0.0,0.0,0.0,0.0,0.0,0.0,120600000,120600000,0.0,1500000.0,2500000.0,0.025536,1000000.0,0.010215,0.0,1000000.0,0.010215,-500000.0,1500000.0,0.015322,0.07463,0.07463,20100000,20100000,https://www.sec.gov/Archives/edgar/data/101199/000094018001500653/0000940180-01-500653-index.html,https://www.sec.gov/Archives/edgar/data/101199/000094018001500653/d10q.txt
0,2001-06-30,UFCS,2001-08-14 00:00:00,2001-08-14 00:00:00,Q2,90500000,0.0,0.0,0.0,0.0,0.0,0.0,0.0,117800000,117800000,0.0,900000.0000000001,-1100000.0,-0.012155,-2000000.0,-0.022099,0.0,-2000000.0,-0.022099,-1800000.0,-200000.0,-0.00221,-0.00995,-0.00995,20100000,20100000,https://www.sec.gov/Archives/edgar/data/101199/000094018001500145/0000940180-01-500145-index.html,https://www.sec.gov/Archives/edgar/data/101199/000094018001500145/d10q.txt
0,2001-03-31,UFCS,2001-05-15 00:00:00,2001-05-15 00:00:00,Q1,88300000,0.0,0.0,0.0,0.0,0.0,0.0,0.0,97800000,97800000,0.0,1200000.0,16100000,0.182333,14900000,0.168743,0.0,14900000,0.168743,4300000.0,10600000,0.120045,0.52736,0.52736,20100000,20100000,https://www.sec.gov/Archives/edgar/data/101199/000095013101501472/0000950131-01-501472-index.html,https://www.sec.gov/Archives/edgar/data/101199/000095013101501472/d10q.txt
0,2000-12-31,UFCS,,,Q4,89500000,0.0,0.0,0.0,0.0,0.0,0.0,0.0,106200000,106200000,0.0,600000.0000000001,5500000.0,0.061453,4900000.0,0.054749,0.0,4900000.0,0.054749,800000.0,4100000.0,0.04581,0.20398,0.20398,20100000,20100000,,
0,2000-09-30,UFCS,2000-11-14 00:00:00,2000-11-14 00:00:00,Q3,86600000,0.0,0.0,0.0,0.0,0.0,0.0,0.0,98600000,98600000,0.0,2300000.0,11400000,0.13164,9100000.0,0.105081,0.0,9100000.0,0.105081,2000000.0,7100000.0,0.081986,0.35323,0.35323,20100000,20100000,https://www.sec.gov/Archives/edgar/data/101199/000095013100006415/0000950131-00-006415-index.html,https://www.sec.gov/Archives/edgar/data/101199/000095013100006415/0000950131-00-006415-0001.txt
0,2000-06-30,UFCS,2000-08-14 00:00:00,2000-08-14 00:00:00,Q2,80100000,0.0,0.0,0.0,0.0,0.0,0.0,0.0,101800000,101800000,0.0,900000.0000000001,700000.0000000001,0.008739,-200000.0,-0.002497,0.0,-200000.0,-0.002497,-1100000.0,900000.0,0.011236,0.04478,0.04478,20100000,20100000,https://www.sec.gov/Archives/edgar/data/101199/000095013100004900/0000950131-00-004900-index.html,https://www.sec.gov/Archives/edgar/data/101199/000095013100004900/0000950131-00-004900-0001.txt
0,2000-03-31,UFCS,2000-05-15 00:00:00,2000-05-15 00:00:00,Q1,79300000,0.0,0.0,0.0,0.0,0.0,0.0,0.0,96700000,96700000,0.0,700000.0,4300000.0,0.054224,3600000.0,0.045397,0.0,3600000.0,0.045397,200000.0,3400000.0,0.042875,0.16915,0.16915,20100000,20100000,https://www.sec.gov/Archives/edgar/data/101199/000095013100003442/0000950131-00-003442-index.html,https://www.sec.gov/Archives/edgar/data/101199/0000950131-00-003442.txt
0,1999-12-31,UFCS,2000-03-30 00:00:00,2000-03-30 00:00:00,Q4,82200000,0.0,0.0,0.0,0.0,0.0,0.0,0.0,96100000,96100000,0.0,1300000.0,8600000.0,0.104623,7300000.0,0.088808,0.0,7300000.0,0.088808,1800000.0,5500000.0,0.06691,0.27363,0.27363,20100000,20100000,https://www.sec.gov/Archives/edgar/data/101199/000095013100002290/0000950131-00-002290-index.html,https://www.sec.gov/Archives/edgar/data/101199/0000950131-00-002290.txt
0,1999-09-30,UFCS,1999-11-15 00:00:00,1999-11-15 00:00:00,Q3,71000000,0.0,0.0,0.0,0.0,0.0,0.0,0.0,82800000,82800000,0.0,900000.0,9000000.0,0.126761,8100000.0,0.114085,0.0,8100000.0,0.114085,1700000.0,6400000.0,0.090141,0.31683,0.31683,20200000,20200000,https://www.sec.gov/Archives/edgar/data/101199/000095013199006364/0000950131-99-006364-index.html,https://www.sec.gov/Archives/edgar/data/101199/0000950131-99-006364.txt
0,1999-06-30,UFCS,1999-08-13 00:00:00,1999-08-13 00:00:00,Q2,61200000,0.0,0.0,0.0,0.0,0.0,0.0,0.0,80800000,80800000,0.0,99999.99999999999,-900000.0,-0.014706,-900000.0,-0.014706,0.0,-900000.0,-0.014706,-1500000.0,500000.0,0.00817,0.02475,0.02475,20200000,20200000,https://www.sec.gov/Archives/edgar/data/101199/000104746999032032/0001047469-99-032032-index.html,https://www.sec.gov/Archives/edgar/data/101199/0001047469-99-032032.txt
0,1999-03-31,UFCS,1999-05-17 00:00:00,1999-05-17 00:00:00,Q1,60600000,0.0,0.0,0.0,0.0,0.0,0.0,0.0,76300000,76300000,0.0,800000.0,3600000.0,0.059406,2800000.0,0.046205,0.0,2800000.0,0.046205,-200000.0,3000000.0,0.049505,0.14851,0.14851,20200000,20200000,https://www.sec.gov/Archives/edgar/data/101199/000104746999021251/0001047469-99-021251-index.html,https://www.sec.gov/Archives/edgar/data/101199/0001047469-99-021251.txt
0,1998-12-31,UFCS,,,Q4,65300000,0.0,0.0,0.0,0.0,0.0,0.0,0.0,79300000,79300000,0.0,200000.0,5100000.0,0.078101,4900000.0,0.075038,0.0,4900000.0,0.075038,800000.0,4100000.0,0.062787,0.20297,0.20297,20200000,20200000,,
0,1998-09-30,UFCS,1998-11-16 00:00:00,1998-11-16 00:00:00,Q3,62000000,0.0,0.0,0.0,0.0,0.0,0.0,0.0,85300000,85300000,0.0,99999.99999999999,-5900000.0,-0.095161,-6000000.0,-0.096774,0.0,-6000000.0,-0.096774,-4000000.0,-2000000.0,-0.032258,-0.09901,-0.09901,20200000,20200000,https://www.sec.gov/Archives/edgar/data/101199/000104746998041003/0001047469-98-041003-index.html,https://www.sec.gov/Archives/edgar/data/101199/0001047469-98-041003.txt
0,1998-06-30,UFCS,1998-08-14 00:00:00,1998-08-14 00:00:00,Q2,60400000,0.0,0.0,0.0,0.0,0.0,0.0,0.0,76900000,76900000,0.0,-600000.0000000001,16900000,0.279801,17500000,0.289735,0.0,17500000,0.289735,4900000.0,12600000,0.208609,0.58879,0.58879,21400000,21400000,https://www.sec.gov/Archives/edgar/data/101199/000104746998031753/0001047469-98-031753-index.html,https://www.sec.gov/Archives/edgar/data/101199/0001047469-98-031753.txt
0,1998-03-31,UFCS,1998-05-14 00:00:00,1998-05-14 00:00:00,Q1,59800000,0.0,0.0,0.0,0.0,0.0,0.0,0.0,68400000,68400000,0.0,800000.0,12700000,0.212375,11900000,0.198997,0.0,11900000,0.198997,3000000.0,8900000.0,0.148829,0.41589,0.41589,21400000,21400000,https://www.sec.gov/Archives/edgar/data/101199/000104746998020212/0001047469-98-020212-index.html,https://www.sec.gov/Archives/edgar/data/101199/0001047469-98-020212.txt
0,1997-12-31,UFCS,,,Q4,63700000,0.0,0.0,0.0,0.0,0.0,0.0,0.0,64100000,64100000,0.0,-1000000.0,16500000,0.259027,17500000,0.274725,0.0,17500000,0.274725,4900000.0,12600000,0.197802,0.58605,0.58605,21500000,21500000,,
0,1997-09-30,UFCS,1997-11-13 00:00:00,1997-11-13 00:00:00,Q3,62500000,0.0,0.0,0.0,0.0,0.0,0.0,0.0,74000000,74000000,0.0,700000.0000000002,4700000.0,0.0752,3900000.0,0.0624,0.0,3900000.0,0.0624,400000.0,3600000.0,0.0576,0.16744,0.16744,21500000,21500000,https://www.sec.gov/Archives/edgar/data/101199/000104746997004339/0001047469-97-004339-index.html,https://www.sec.gov/Archives/edgar/data/101199/0001047469-97-004339.txt
0,1997-06-30,UFCS,1997-08-13 00:00:00,1997-08-13 00:00:00,Q2,60900000,0.0,0.0,0.0,0.0,0.0,0.0,0.0,69600000,69600000,0.0,700000.0,7200000.0,0.118227,6600000.0,0.108374,0.0,6600000.0,0.108374,1400000.0,5100000.0,0.083744,0.23721,0.23721,21500000,21500000,https://www.sec.gov/Archives/edgar/data/101199/000091205797027589/0000912057-97-027589-index.html,https://www.sec.gov/Archives/edgar/data/101199/0000912057-97-027589.txt
0,1997-03-31,UFCS,1997-05-14 00:00:00,1997-05-14 00:00:00,Q1,59700000,0.0,0.0,0.0,0.0,0.0,0.0,0.0,65300000,65300000,0.0,700000.0,10900000,0.18258,10200000,0.170854,0.0,10200000,0.170854,2800000.0,7400000.0,0.123953,0.34419,0.34419,21500000,21500000,https://www.sec.gov/Archives/edgar/data/101199/000091205797017573/0000912057-97-017573-index.html,https://www.sec.gov/Archives/edgar/data/101199/0000912057-97-017573.txt
0,1996-12-31,UFCS,,,Q4,62600000,0.0,0.0,0.0,0.0,0.0,0.0,0.0,69600000,69600000,0.0,500000.0,9200000.0,0.146965,8700000.0,0.138978,0.0,8700000.0,0.138978,2000000.0,6700000.0,0.107029,0.31163,0.31163,21500000,21500000,,
0,1996-09-30,UFCS,1996-11-13 00:00:00,1996-11-13 00:00:00,Q3,61200000,0.0,0.0,0.0,0.0,0.0,0.0,0.0,76100000,76100000,0.0,500000.0,700000.0,0.011438,200000.0,0.003268,0.0,200000.0,0.003268,-1100000.0,1300000.0,0.021242,0.06047,0.06047,21500000,21500000,https://www.sec.gov/Archives/edgar/data/101199/000090965496000294/0000909654-96-000294-index.html,https://www.sec.gov/Archives/edgar/data/101199/0000909654-96-000294.txt
0,1996-06-30,UFCS,1996-08-13 00:00:00,1996-08-13 00:00:00,Q2,56700000,0.0,0.0,0.0,0.0,0.0,0.0,0.0,65100000,65100000,0.0,500000.0000000001,7000000.0,0.123457,6500000.0,0.114638,0.0,6500000.0,0.114638,1300000.0,5200000.0,0.091711,0.24074,0.24074,21600000,21600000,https://www.sec.gov/Archives/edgar/data/101199/000090965496000198/0000909654-96-000198-index.html,https://www.sec.gov/Archives/edgar/data/101199/0000909654-96-000198.txt
0,1996-03-31,UFCS,1996-05-14 00:00:00,1996-05-14 00:00:00,Q1,56000000,0.0,0.0,0.0,0.0,0.0,0.0,0.0,62100000,62100000,0.0,600000.0,12600000,0.225,12000000,0.214286,0.0,12000000,0.214286,3200000.0,8800000.0,0.157143,0.40553,0.40553,21700000,21700000,https://www.sec.gov/Archives/edgar/data/101199/000090965496000089/0000909654-96-000089-index.html,https://www.sec.gov/Archives/edgar/data/101199/0000909654-96-000089.txt
0,1995-12-31,UFCS,,,Q4,54200000,0.0,0.0,0.0,0.0,0.0,0.0,0.0,57100000,57100000,0.0,199999.99999999997,11800000,0.217712,11600000,0.214022,0.0,11600000,0.214022,2800000.0,8800000.0,0.162362,0.40553,0.40553,21700000,21700000,,
0,1995-09-30,UFCS,1995-11-14 00:00:00,1995-11-14 00:00:00,Q3,52800000,0.0,0.0,0.0,0.0,0.0,0.0,0.0,57800000,57800000,0.0,500000.0,9600000.0,0.181818,9100000.0,0.172348,0.0,9100000.0,0.172348,2500000.0,6600000.0,0.125,0.30415,0.30415,21700000,21700000,https://www.sec.gov/Archives/edgar/data/101199/000090965495000093/0000909654-95-000093-index.html,https://www.sec.gov/Archives/edgar/data/101199/0000909654-95-000093.txt
0,1995-06-30,UFCS,1995-08-14 00:00:00,1995-08-14 00:00:00,Q2,50300000,0.0,0.0,0.0,0.0,0.0,0.0,0.0,54600000,54600000,0.0,-199999.99999999997,9500000.0,0.188867,9800000.0,0.194831,0.0,9800000.0,0.194831,2500000.0,7200000.0,0.143141,0.3318,0.3318,21700000,21700000,https://www.sec.gov/Archives/edgar/data/101199/000090965495000081/0000909654-95-000081-index.html,https://www.sec.gov/Archives/edgar/data/101199/0000909654-95-000081.txt
